<?xml version="1.0" encoding="UTF-8"?>
<!DOCTYPE html PUBLIC "-//W3C//DTD XHTML 1.0 Transitional//EN"
    "http://www.w3.org/TR/xhtml1/DTD/xhtml1-transitional.dtd">
<html xmlns="http://www.w3.org/1999/xhtml" xml:lang="en" lang="en">
 <head>
  <title>
</title>
<meta http-equiv="Content-Type" content="text/html;charset=utf-8" />
  <meta name='ocr-system' content='tesseract 3.04.00' />
  <meta name='ocr-capabilities' content='ocr_page ocr_carea ocr_par ocr_line ocrx_word'/>
</head>
<body>
  <div class='ocr_page' id='page_1' title='image "./diesinterpellat00beckgoog_0344.png"; bbox 0 0 4782 6002; ppageno 0'>
   <div class='ocr_carea' id='block_1_1' title="bbox 2430 320 2541 421">
    <p class='ocr_par' dir='ltr' id='par_1_1' title="bbox 2430 320 2541 421">
     <span class='ocr_line' id='line_1_1' title="bbox 2430 320 2541 421; baseline -0.018 -28"><span class='ocrx_word' id='word_1_1' title='bbox 2430 320 2541 421; x_wconf 81' lang='lat'><strong>20¹</strong></span> 
     </span>
    </p>
   </div>
   <div class='ocr_carea' id='block_1_2' title="bbox 719 540 4127 1762">
    <p class='ocr_par' dir='ltr' id='par_1_2' title="bbox 719 540 4127 1762">
     <span class='ocr_line' id='line_1_2' title="bbox 811 540 4123 661; baseline 0.001 -24"><span class='ocrx_word' id='word_1_2' title='bbox 811 566 952 643; x_wconf 91' lang='lat' dir='ltr'><strong>aliis</strong></span> <span class='ocrx_word' id='word_1_3' title='bbox 1004 563 1437 661; x_wconf 81' lang='lat' dir='ltr'><strong>scriptoribus</strong></span> <span class='ocrx_word' id='word_1_4' title='bbox 1490 566 1555 634; x_wconf 89' lang='lat' dir='ltr'><strong>in</strong></span> <span class='ocrx_word' id='word_1_5' title='bbox 1609 562 1734 634; x_wconf 89' lang='lat' dir='ltr'><strong>hac</strong></span> <span class='ocrx_word' id='word_1_6' title='bbox 1788 561 2082 634; x_wconf 87' lang='lat' dir='ltr'><strong>doctrina</strong></span> <span class='ocrx_word' id='word_1_7' title='bbox 2135 562 2434 658; x_wconf 89' lang='lat' dir='ltr'><strong>prolatae</strong></span> <span class='ocrx_word' id='word_1_8' title='bbox 2487 571 2661 636; x_wconf 80' lang='lat' dir='ltr'><strong>sunt.</strong></span> <span class='ocrx_word' id='word_1_9' title='bbox 2768 562 2951 649; x_wconf 83' lang='lat' dir='ltr'>Quae</span> <span class='ocrx_word' id='word_1_10' title='bbox 3004 540 3154 634; x_wconf 78' lang='lat' dir='ltr'><strong>edm</strong></span> <span class='ocrx_word' id='word_1_11' title='bbox 3208 565 3294 635; x_wconf 87' lang='lat' dir='ltr'><strong>ita</strong></span> <span class='ocrx_word' id='word_1_12' title='bbox 3324 566 3491 655; x_wconf 89' lang='lat' dir='ltr'><strong>sint,</strong></span> <span class='ocrx_word' id='word_1_13' title='bbox 3546 563 3714 636; x_wconf 90' lang='lat' dir='ltr'><strong>ordo</strong></span> <span class='ocrx_word' id='word_1_14' title='bbox 3763 566 4123 640; x_wconf 88' lang='lat' dir='ltr'><strong>Juriscon-</strong></span> 
     </span>
     <span class='ocr_line' id='line_1_3' title="bbox 811 697 4127 801; baseline -0 -22"><span class='ocrx_word' id='word_1_15' title='bbox 811 705 1130 779; x_wconf 88' lang='lat' dir='ltr'><strong>sultorum</strong></span> <span class='ocrx_word' id='word_1_16' title='bbox 1161 704 1750 774; x_wconf 75' lang='lat' dir='ltr'><strong>commentationes</strong></span> <span class='ocrx_word' id='word_1_17' title='bbox 1797 699 2123 772; x_wconf 85' lang='lat' dir='ltr'><strong>exhibitas</strong></span> <span class='ocrx_word' id='word_1_18' title='bbox 2150 703 2452 795; x_wconf 89' lang='lat' dir='ltr'><strong>proemio</strong></span> <span class='ocrx_word' id='word_1_19' title='bbox 2509 697 2740 794; x_wconf 87' lang='lat' dir='ltr'><strong>dignas</strong></span> <span class='ocrx_word' id='word_1_20' title='bbox 2767 698 3014 771; x_wconf 89' lang='lat' dir='ltr'><strong>habere</strong></span> <span class='ocrx_word' id='word_1_21' title='bbox 3067 722 3199 773; x_wconf 89' lang='lat' dir='ltr'><strong>non</strong></span> <span class='ocrx_word' id='word_1_22' title='bbox 3256 705 3479 797; x_wconf 86' lang='lat' dir='ltr'><strong>potuit.</strong></span> <span class='ocrx_word' id='word_1_23' title='bbox 3584 702 3835 777; x_wconf 89' lang='lat' dir='ltr'><strong>Prioris</strong></span> <span class='ocrx_word' id='word_1_24' title='bbox 3864 704 4127 801; x_wconf 89' lang='lat' dir='ltr'><strong>quidem</strong></span> 
     </span>
     <span class='ocr_line' id='line_1_4' title="bbox 812 837 4126 935; baseline 0 -20"><span class='ocrx_word' id='word_1_25' title='bbox 812 842 1382 916; x_wconf 76' lang='lat' dir='ltr'><strong>commentationis</strong></span> <span class='ocrx_word' id='word_1_26' title='bbox 1436 850 1668 912; x_wconf 80' lang='lat' dir='ltr'><strong>auctor</strong></span> <span class='ocrx_word' id='word_1_27' title='bbox 1738 838 2049 911; x_wconf 89' lang='lat' dir='ltr'><strong>nonnulla</strong></span> <span class='ocrx_word' id='word_1_28' title='bbox 2102 842 2461 935; x_wconf 84' lang='lat' dir='ltr'><strong>specimina</strong></span> <span class='ocrx_word' id='word_1_29' title='bbox 2515 837 2889 931; x_wconf 81' lang='lat' dir='ltr'><strong>diligentiae</strong></span> <span class='ocrx_word' id='word_1_30' title='bbox 2941 848 3011 911; x_wconf 88' lang='lat' dir='ltr'><strong>et</strong></span> <span class='ocrx_word' id='word_1_31' title='bbox 3061 838 3459 911; x_wconf 82' lang='lat' dir='ltr'><strong>assiduitatis</strong></span> <span class='ocrx_word' id='word_1_32' title='bbox 3488 839 3823 931; x_wconf 81' lang='lat' dir='ltr'><strong>exhibuit3</strong></span> <span class='ocrx_word' id='word_1_33' title='bbox 3879 841 4126 916; x_wconf 88' lang='lat' dir='ltr'><strong>obser-</strong></span> 
     </span>
     <span class='ocr_line' id='line_1_5' title="bbox 808 976 4124 1074; baseline 0.001 -23"><span class='ocrx_word' id='word_1_34' title='bbox 808 985 1114 1051; x_wconf 83' lang='lat' dir='ltr'><strong>vationes</strong></span> <span class='ocrx_word' id='word_1_35' title='bbox 1166 978 1248 1050; x_wconf 88' lang='lat' dir='ltr'><strong>ab</strong></span> <span class='ocrx_word' id='word_1_36' title='bbox 1302 999 1386 1049; x_wconf 91' lang='lat' dir='ltr'><strong>eo</strong></span> <span class='ocrx_word' id='word_1_37' title='bbox 1438 976 1738 1074; x_wconf 87' lang='lat' dir='ltr'><strong>prolatae</strong></span> <span class='ocrx_word' id='word_1_38' title='bbox 1791 999 1926 1048; x_wconf 91' lang='lat' dir='ltr'><strong>non</strong></span> <span class='ocrx_word' id='word_1_39' title='bbox 1979 1000 2134 1049; x_wconf 90' lang='lat' dir='ltr'><strong>raro</strong></span> <span class='ocrx_word' id='word_1_40' title='bbox 2187 980 2435 1069; x_wconf 86' lang='lat' dir='ltr'><strong>ingenii</strong></span> <span class='ocrx_word' id='word_1_41' title='bbox 2488 998 2764 1049; x_wconf 88' lang='lat' dir='ltr'><strong>acumen</strong></span> <span class='ocrx_word' id='word_1_42' title='bbox 2818 976 3304 1050; x_wconf 86' lang='lat' dir='ltr'><strong>demonstrant:</strong></span> <span class='ocrx_word' id='word_1_43' title='bbox 3377 999 3571 1071; x_wconf 87' lang='lat' dir='ltr'><strong>quam</strong></span> <span class='ocrx_word' id='word_1_44' title='bbox 3640 977 3726 1052; x_wconf 87' lang='lat' dir='ltr'><strong>ob</strong></span> <span class='ocrx_word' id='word_1_45' title='bbox 3783 1000 3924 1052; x_wconf 90' lang='lat' dir='ltr'><strong>rem</strong></span> <span class='ocrx_word' id='word_1_46' title='bbox 3953 980 4124 1054; x_wconf 90' lang='lat' dir='ltr'><strong>ordo</strong></span> 
     </span>
     <span class='ocr_line' id='line_1_6' title="bbox 809 1113 4124 1212; baseline 0 -24"><span class='ocrx_word' id='word_1_47' title='bbox 809 1116 1440 1188; x_wconf 67' lang='lat' dir='ltr'><strong>,iurisconsultorum</strong></span> <span class='ocrx_word' id='word_1_48' title='bbox 1496 1122 1835 1186; x_wconf 83' lang='lat' dir='ltr'><strong>auctorem</strong></span> <span class='ocrx_word' id='word_1_49' title='bbox 1888 1115 2247 1187; x_wconf 80' lang='lat' dir='ltr'><strong>honorifica</strong></span> <span class='ocrx_word' id='word_1_50' title='bbox 2319 1118 2654 1186; x_wconf 87' lang='lat' dir='ltr'><strong>mentione</strong></span> <span class='ocrx_word' id='word_1_51' title='bbox 2725 1115 2992 1207; x_wconf 87' lang='lat' dir='ltr'><strong>dignum</strong></span> <span class='ocrx_word' id='word_1_52' title='bbox 3036 1113 3376 1207; x_wconf 83' lang='lat' dir='ltr'><strong>judicavit.</strong></span> <span class='ocrx_word' id='word_1_53' title='bbox 3495 1114 3568 1187; x_wconf 90' lang='lat' dir='ltr'><strong>Id</strong></span> <span class='ocrx_word' id='word_1_54' title='bbox 3638 1138 3808 1189; x_wconf 89' lang='lat' dir='ltr'><strong>vero</strong></span> <span class='ocrx_word' id='word_1_55' title='bbox 3880 1138 4124 1212; x_wconf 88' lang='lat' dir='ltr'><strong>repre-</strong></span> 
     </span>
     <span class='ocr_line' id='line_1_7' title="bbox 719 1250 4122 1348; baseline -0.001 -19"><span class='ocrx_word' id='word_1_56' title='bbox 719 1324 723 1329; x_wconf 79' lang='grc'><strong>.</strong></span> <span class='ocrx_word' id='word_1_57' title='bbox 815 1252 1228 1327; x_wconf 89' lang='lat' dir='ltr'><strong>hendendum</strong></span> <span class='ocrx_word' id='word_1_58' title='bbox 1284 1264 1424 1342; x_wconf 89' lang='lat' dir='ltr'><strong>est,</strong></span> <span class='ocrx_word' id='word_1_59' title='bbox 1497 1250 1673 1347; x_wconf 90' lang='lat' dir='ltr'><strong>quod</strong></span> <span class='ocrx_word' id='word_1_60' title='bbox 1727 1262 1958 1325; x_wconf 86' lang='lat' dir='ltr'><strong>auctor</strong></span> <span class='ocrx_word' id='word_1_61' title='bbox 2011 1254 2278 1325; x_wconf 87' lang='lat' dir='ltr'><strong>alterius</strong></span> <span class='ocrx_word' id='word_1_62' title='bbox 2333 1255 2938 1340; x_wconf 73' lang='lat' dir='ltr'><strong>commentationis,</strong></span> <span class='ocrx_word' id='word_1_63' title='bbox 2991 1256 3099 1348; x_wconf 90' lang='lat' dir='ltr'><strong>qui</strong></span> <span class='ocrx_word' id='word_1_64' title='bbox 3154 1250 3416 1346; x_wconf 89' lang='lat' dir='ltr'><strong>quidem</strong></span> <span class='ocrx_word' id='word_1_65' title='bbox 3483 1252 3883 1325; x_wconf 83' lang='lat' dir='ltr'><strong>differentias</strong></span> <span class='ocrx_word' id='word_1_66' title='bbox 3950 1258 4122 1326; x_wconf 89' lang='lat' dir='ltr'><strong>inter</strong></span> 
     </span>
     <span class='ocr_line' id='line_1_8' title="bbox 812 1390 4120 1488; baseline 0 -25"><span class='ocrx_word' id='word_1_67' title='bbox 812 1397 1061 1464; x_wconf 89' lang='lat' dir='ltr'><strong>crimen</strong></span> <span class='ocrx_word' id='word_1_68' title='bbox 1115 1392 1264 1463; x_wconf 89' lang='lat' dir='ltr'><strong>falsi</strong></span> <span class='ocrx_word' id='word_1_69' title='bbox 1318 1405 1384 1462; x_wconf 88' lang='lat' dir='ltr'><strong>et</strong></span> <span class='ocrx_word' id='word_1_70' title='bbox 1435 1390 1842 1463; x_wconf 81' lang='lat' dir='ltr'><strong>stellionatus</strong></span> <span class='ocrx_word' id='word_1_71' title='bbox 1897 1413 2043 1462; x_wconf 86' lang='lat' dir='ltr'><strong>cum</strong></span> <span class='ocrx_word' id='word_1_72' title='bbox 2125 1390 2517 1463; x_wconf 86' lang='lat' dir='ltr'><strong>dexteritate</strong></span> <span class='ocrx_word' id='word_1_73' title='bbox 2572 1392 2847 1488; x_wconf 88' lang='lat' dir='ltr'><strong>quadam</strong></span> <span class='ocrx_word' id='word_1_74' title='bbox 2903 1394 3254 1486; x_wconf 79' lang='lat' dir='ltr'><strong>exposuit,</strong></span> <span class='ocrx_word' id='word_1_75' title='bbox 3323 1394 3701 1487; x_wconf 87' lang='lat' dir='ltr'><strong>neutiquam</strong></span> <span class='ocrx_word' id='word_1_76' title='bbox 3772 1395 4120 1488; x_wconf 86' lang='lat' dir='ltr'><strong>puritatem</strong></span> 
     </span>
     <span class='ocr_line' id='line_1_9' title="bbox 811 1527 4122 1625; baseline -0.001 -22"><span class='ocrx_word' id='word_1_77' title='bbox 811 1542 878 1604; x_wconf 92' lang='lat' dir='ltr'><strong>et</strong></span> <span class='ocrx_word' id='word_1_78' title='bbox 931 1531 1326 1625; x_wconf 86' lang='lat' dir='ltr'><strong>elegantiam</strong></span> <span class='ocrx_word' id='word_1_79' title='bbox 1381 1532 1706 1601; x_wconf 89' lang='lat' dir='ltr'><strong>sermonis</strong></span> <span class='ocrx_word' id='word_1_80' title='bbox 1757 1529 1936 1600; x_wconf 86' lang='lat' dir='ltr'><strong>latini</strong></span> <span class='ocrx_word' id='word_1_81' title='bbox 1993 1528 2324 1617; x_wconf 82' lang='lat' dir='ltr'><strong>exhibuit,</strong></span> <span class='ocrx_word' id='word_1_82' title='bbox 2380 1533 2538 1601; x_wconf 88' lang='lat' dir='ltr'><strong>etin</strong></span> <span class='ocrx_word' id='word_1_83' title='bbox 2565 1527 2691 1600; x_wconf 82' lang='lat' dir='ltr'><strong>line</strong></span> <span class='ocrx_word' id='word_1_84' title='bbox 2728 1532 3299 1601; x_wconf 86' lang='lat' dir='ltr'><strong>commentationis</strong></span> <span class='ocrx_word' id='word_1_85' title='bbox 3317 1530 3558 1620; x_wconf 85' lang='lat' dir='ltr'><strong>jocosa</strong></span> <span class='ocrx_word' id='word_1_86' title='bbox 3589 1528 3868 1625; x_wconf 86' lang='lat' dir='ltr'><strong>quadam</strong></span> <span class='ocrx_word' id='word_1_87' title='bbox 3899 1550 4122 1601; x_wconf 89' lang='lat' dir='ltr'><strong>rerum</strong></span> 
     </span>
     <span class='ocr_line' id='line_1_10' title="bbox 810 1664 3572 1762; baseline -0.002 -20"><span class='ocrx_word' id='word_1_88' title='bbox 810 1672 1238 1756; x_wconf 80' lang='lat' dir='ltr'><strong>tractatione,</strong></span> <span class='ocrx_word' id='word_1_89' title='bbox 1292 1688 1461 1762; x_wconf 90' lang='lat' dir='ltr'><strong>quae</strong></span> <span class='ocrx_word' id='word_1_90' title='bbox 1514 1688 1553 1737; x_wconf 90' lang='lat' dir='ltr'><strong>a</strong></span> <span class='ocrx_word' id='word_1_91' title='bbox 1606 1669 1921 1738; x_wconf 88' lang='lat' dir='ltr'><strong>scientiae</strong></span> <span class='ocrx_word' id='word_1_92' title='bbox 1974 1670 2302 1759; x_wconf 83' lang='lat' dir='ltr'><strong>gravitate</strong></span> <span class='ocrx_word' id='word_1_93' title='bbox 2356 1678 2423 1739; x_wconf 91' lang='lat' dir='ltr'><strong>et</strong></span> <span class='ocrx_word' id='word_1_94' title='bbox 2475 1668 2787 1761; x_wconf 85' lang='lat' dir='ltr'><strong>dignitate</strong></span> <span class='ocrx_word' id='word_1_95' title='bbox 2840 1664 3189 1757; x_wconf 86' lang='lat' dir='ltr'><strong>abhorret,</strong></span> <span class='ocrx_word' id='word_1_96' title='bbox 3244 1688 3399 1739; x_wconf 88' lang='lat' dir='ltr'><strong>usus</strong></span> <span class='ocrx_word' id='word_1_97' title='bbox 3452 1675 3572 1738; x_wconf 63' lang='lat' dir='ltr'><strong>est„</strong></span> 
     </span>
    </p>
   </div>
   <div class='ocr_carea' id='block_1_3' title="bbox 809 1821 4125 2211">
    <p class='ocr_par' dir='ltr' id='par_1_3' title="bbox 809 1821 4125 2211">
     <span class='ocr_line' id='line_1_11' title="bbox 1017 1821 4125 1935; baseline 0.001 -24"><span class='ocrx_word' id='word_1_98' title='bbox 1017 1821 1199 1913; x_wconf 81' lang='lat' dir='ltr'><strong>Ordo</strong></span> <span class='ocrx_word' id='word_1_99' title='bbox 1253 1839 1795 1911; x_wconf 89' lang='lat' dir='ltr'><strong>Medicorum</strong></span> <span class='ocrx_word' id='word_1_100' title='bbox 1848 1841 2227 1935; x_wconf 87' lang='lat' dir='ltr'><strong>proposuit:</strong></span> <span class='ocrx_word' id='word_1_101' title='bbox 2288 1838 2824 1934; x_wconf 81' lang='lat' dir='ltr'><strong>„Experimentis</strong></span> <span class='ocrx_word' id='word_1_102' title='bbox 2882 1848 3186 1927; x_wconf 86' lang='lat' dir='ltr'><strong>eruatur,</strong></span> <span class='ocrx_word' id='word_1_103' title='bbox 3233 1861 3383 1909; x_wconf 91' lang='lat' dir='ltr'><strong>num</strong></span> <span class='ocrx_word' id='word_1_104' title='bbox 3425 1838 3658 1911; x_wconf 89' lang='lat' dir='ltr'><strong>iisdem</strong></span> <span class='ocrx_word' id='word_1_105' title='bbox 3699 1841 4125 1913; x_wconf 86' lang='lat' dir='ltr'><strong>irritamentis</strong></span> 
     </span>
     <span class='ocr_line' id='line_1_12' title="bbox 810 1975 4123 2074; baseline -0 -23"><span class='ocrx_word' id='word_1_106' title='bbox 810 1977 1110 2051; x_wconf 87' lang='lat' dir='ltr'><strong>adhibitis</strong></span> <span class='ocrx_word' id='word_1_107' title='bbox 1163 1979 1460 2069; x_wconf 88' lang='lat' dir='ltr'><strong>fatigatio</strong></span> <span class='ocrx_word' id='word_1_108' title='bbox 1521 1999 1884 2049; x_wconf 84' lang='lat' dir='ltr'><strong>nervorum</strong></span> <span class='ocrx_word' id='word_1_109' title='bbox 1940 1987 2005 2047; x_wconf 89' lang='lat' dir='ltr'><strong>et</strong></span> <span class='ocrx_word' id='word_1_110' title='bbox 2055 1977 2503 2048; x_wconf 85' lang='lat' dir='ltr'><strong>musculorum</strong></span> <span class='ocrx_word' id='word_1_111' title='bbox 2556 1980 2936 2049; x_wconf 83' lang='lat' dir='ltr'><strong>excisorum</strong></span> <span class='ocrx_word' id='word_1_112' title='bbox 2981 1975 3416 2071; x_wconf 87' lang='lat' dir='ltr'><strong>dependeata</strong></span> <span class='ocrx_word' id='word_1_113' title='bbox 3471 1980 3829 2070; x_wconf 89' lang='lat' dir='ltr'><strong>quantitate</strong></span> <span class='ocrx_word' id='word_1_114' title='bbox 3892 1983 4123 2074; x_wconf 89' lang='lat' dir='ltr'><strong>operis</strong></span> 
     </span>
     <span class='ocr_line' id='line_1_13' title="bbox 809 2112 2840 2211; baseline -0.002 -23"><span class='ocrx_word' id='word_1_115' title='bbox 809 2118 1211 2205; x_wconf 88' lang='lat' dir='ltr'><strong>mechanici,</strong></span> <span class='ocrx_word' id='word_1_116' title='bbox 1266 2115 1439 2210; x_wconf 88' lang='lat' dir='ltr'><strong>quod</strong></span> <span class='ocrx_word' id='word_1_117' title='bbox 1497 2117 1827 2186; x_wconf 87' lang='lat' dir='ltr'><strong>musculus</strong></span> <span class='ocrx_word' id='word_1_118' title='bbox 1882 2115 2440 2189; x_wconf 87' lang='lat' dir='ltr'><strong>contractionibus</strong></span> <span class='ocrx_word' id='word_1_119' title='bbox 2493 2112 2840 2211; x_wconf 84' lang='lat' dir='ltr'><strong>perfecit.“</strong></span> 
     </span>
    </p>
   </div>
   <div class='ocr_carea' id='block_1_4' title="bbox 808 2286 4119 3491">
    <p class='ocr_par' dir='ltr' id='par_1_4' title="bbox 808 2286 4119 3491">
     <span class='ocr_line' id='line_1_14' title="bbox 1018 2286 2699 2380; baseline -0.001 -19"><span class='ocrx_word' id='word_1_120' title='bbox 1018 2291 1277 2364; x_wconf 86' lang='lat' dir='ltr'><strong>Auctor</strong></span> <span class='ocrx_word' id='word_1_121' title='bbox 1331 2288 1848 2380; x_wconf 82' lang='lat' dir='ltr'><strong>dissertationiS,</strong></span> <span class='ocrx_word' id='word_1_122' title='bbox 1902 2293 2008 2360; x_wconf 87' lang='lat' dir='ltr'><strong>cui</strong></span> <span class='ocrx_word' id='word_1_123' title='bbox 2060 2286 2273 2360; x_wconf 87' lang='lat' dir='ltr'><strong>verba</strong></span> <span class='ocrx_word' id='word_1_124' title='bbox 2328 2286 2699 2359; x_wconf 89' lang='lat' dir='ltr'><strong>Humboldii</strong></span> 
     </span>
     <span class='ocr_line' id='line_1_15' title="bbox 1232 2422 4108 2522; baseline -0.001 -22"><span class='ocrx_word' id='word_1_125' title='bbox 1232 2427 1387 2519; x_wconf 84' lang='lat' dir='ltr'><strong>„die</strong></span> <span class='ocrx_word' id='word_1_126' title='bbox 1440 2426 1994 2520; x_wconf 87' lang='lat' dir='ltr'><strong>Schwierigkeit,</strong></span> <span class='ocrx_word' id='word_1_127' title='bbox 2049 2425 2154 2498; x_wconf 90' lang='lat' dir='ltr'><strong>die</strong></span> <span class='ocrx_word' id='word_1_128' title='bbox 2204 2425 2999 2520; x_wconf 89' lang='lat' dir='ltr'><strong>Lehenserscheinungen</strong></span> <span class='ocrx_word' id='word_1_129' title='bbox 3054 2424 3172 2499; x_wconf 88' lang='lat' dir='ltr'><strong>des</strong></span> <span class='ocrx_word' id='word_1_130' title='bbox 3207 2422 3640 2520; x_wconf 89' lang='lat' dir='ltr'><strong>Organismus</strong></span> <span class='ocrx_word' id='word_1_131' title='bbox 3695 2424 3813 2497; x_wconf 85' lang='lat' dir='ltr'><strong>auf</strong></span> <span class='ocrx_word' id='word_1_132' title='bbox 3859 2424 4108 2522; x_wconf 80' lang='lat' dir='ltr'><strong>physi-</strong></span> 
     </span>
     <span class='ocr_line' id='line_1_16' title="bbox 1220 2563 4113 2659; baseline 0 -23"><span class='ocrx_word' id='word_1_133' title='bbox 1220 2564 1514 2637; x_wconf 86' lang='lat' dir='ltr'><strong>kalische</strong></span> <span class='ocrx_word' id='word_1_134' title='bbox 1553 2564 1685 2637; x_wconf 91' lang='lat' dir='ltr'><strong>und</strong></span> <span class='ocrx_word' id='word_1_135' title='bbox 1722 2564 2096 2637; x_wconf 87' lang='lat' dir='ltr'><strong>chemische</strong></span> <span class='ocrx_word' id='word_1_136' title='bbox 2123 2563 2407 2637; x_wconf 88' lang='lat' dir='ltr'><strong>Gesetze</strong></span> <span class='ocrx_word' id='word_1_137' title='bbox 2434 2563 2888 2658; x_wconf 77' lang='lat' dir='ltr'><strong>belriedigend</strong></span> <span class='ocrx_word' id='word_1_138' title='bbox 2926 2563 3494 2637; x_wconf 79' lang='lat' dir='ltr'><strong>zuritckzufuhren</strong></span> <span class='ocrx_word' id='word_1_139' title='bbox 3516 2618 3537 2654; x_wconf 88' lang='lat'>‚</span> <span class='ocrx_word' id='word_1_140' title='bbox 3587 2565 3750 2658; x_wconf 87' lang='lat' dir='ltr'><strong>liegt</strong></span> <span class='ocrx_word' id='word_1_141' title='bbox 3774 2586 4113 2659; x_wconf 86' lang='lat' dir='ltr'><strong>grossen-</strong></span> 
     </span>
     <span class='ocr_line' id='line_1_17' title="bbox 1222 2702 4113 2800; baseline -0.001 -25"><span class='ocrx_word' id='word_1_142' title='bbox 1222 2704 1412 2776; x_wconf 86' lang='lat' dir='ltr'><strong>theils</strong></span> <span class='ocrx_word' id='word_1_143' title='bbox 1467 2708 1534 2776; x_wconf 92' lang='lat' dir='ltr'><strong>in</strong></span> <span class='ocrx_word' id='word_1_144' title='bbox 1589 2703 1708 2776; x_wconf 87' lang='lat' dir='ltr'><strong>der</strong></span> <span class='ocrx_word' id='word_1_145' title='bbox 1739 2703 2211 2800; x_wconf 89' lang='lat' dir='ltr'><strong>Complication</strong></span> <span class='ocrx_word' id='word_1_146' title='bbox 2267 2702 2386 2775; x_wconf 89' lang='lat' dir='ltr'><strong>der</strong></span> <span class='ocrx_word' id='word_1_147' title='bbox 2440 2702 3031 2798; x_wconf 88' lang='lat' dir='ltr'><strong>Erscheinungen,</strong></span> <span class='ocrx_word' id='word_1_148' title='bbox 3085 2706 3154 2777; x_wconf 90' lang='lat' dir='ltr'><strong>in</strong></span> <span class='ocrx_word' id='word_1_149' title='bbox 3208 2702 3326 2776; x_wconf 87' lang='lat' dir='ltr'><strong>der</strong></span> <span class='ocrx_word' id='word_1_150' title='bbox 3352 2702 3653 2777; x_wconf 87' lang='lat' dir='ltr'><strong>Vielzahl</strong></span> <span class='ocrx_word' id='word_1_151' title='bbox 3686 2703 4113 2799; x_wconf 85' lang='lat' dir='ltr'><strong>gleichzeitig</strong></span> 
     </span>
     <span class='ocr_line' id='line_1_18' title="bbox 1220 2838 3541 2953; baseline 0 -41"><span class='ocrx_word' id='word_1_152' title='bbox 1220 2841 1610 2915; x_wconf 88' lang='lat' dir='ltr'><strong>wirkender</strong></span> <span class='ocrx_word' id='word_1_153' title='bbox 1659 2841 1934 2933; x_wconf 74' lang='lat' dir='ltr'><strong>Krafte,</strong></span> <span class='ocrx_word' id='word_1_154' title='bbox 1987 2848 2124 2915; x_wconf 84' lang='lat' dir='ltr'><strong>wie</strong></span> <span class='ocrx_word' id='word_1_155' title='bbox 2179 2839 2299 2914; x_wconf 88' lang='lat' dir='ltr'><strong>der</strong></span> <span class='ocrx_word' id='word_1_156' title='bbox 2353 2841 2836 2953; x_wconf 33' lang='lat' dir='ltr'><strong>Bedingufngen</strong></span> <span class='ocrx_word' id='word_1_157' title='bbox 2888 2840 3070 2914; x_wconf 88' lang='lat' dir='ltr'><strong>ihrer</strong></span> <span class='ocrx_word' id='word_1_158' title='bbox 3123 2838 3541 2935; x_wconf 74' lang='lat' dir='ltr'><strong>Thatigkeit“</strong></span> 
     </span>
     <span class='ocr_line' id='line_1_19' title="bbox 808 2979 4118 3086; baseline 0 -34"><span class='ocrx_word' id='word_1_159' title='bbox 808 2979 1107 3077; x_wconf 86' lang='lat' dir='ltr'><strong>praefixa</strong></span> <span class='ocrx_word' id='word_1_160' title='bbox 1159 2990 1348 3070; x_wconf 89' lang='lat' dir='ltr'><strong>sunt,</strong></span> <span class='ocrx_word' id='word_1_161' title='bbox 1428 3004 1754 3053; x_wconf 89' lang='lat' dir='ltr'><strong>summam</strong></span> <span class='ocrx_word' id='word_1_162' title='bbox 1831 2984 2234 3086; x_wconf 77' lang='lat' dir='ltr'><strong>quaestionis</strong></span> <span class='ocrx_word' id='word_1_163' title='bbox 2287 2985 2668 3077; x_wconf 87' lang='lat' dir='ltr'><strong>propositae</strong></span> <span class='ocrx_word' id='word_1_164' title='bbox 2739 2979 2911 3051; x_wconf 85' lang='lat' dir='ltr'><strong>bene</strong></span> <span class='ocrx_word' id='word_1_165' title='bbox 2978 2980 3347 3054; x_wconf 86' lang='lat' dir='ltr'><strong>illustravit.</strong></span> <span class='ocrx_word' id='word_1_166' title='bbox 3452 2979 3624 3052; x_wconf 90' lang='lat' dir='ltr'><strong>Nam</strong></span> <span class='ocrx_word' id='word_1_167' title='bbox 3675 3001 3922 3074; x_wconf 78' lang='lat' dir='ltr'><strong>magno</strong></span> <span class='ocrx_word' id='word_1_168' title='bbox 3979 2997 4118 3052; x_wconf 84' lang='lat' dir='ltr'><strong>ex-</strong></span> 
     </span>
     <span class='ocr_line' id='line_1_20' title="bbox 808 3116 4119 3216; baseline -0.001 -25"><span class='ocrx_word' id='word_1_169' title='bbox 808 3122 1327 3214; x_wconf 87' lang='lat' dir='ltr'><strong>perimentorum</strong></span> <span class='ocrx_word' id='word_1_170' title='bbox 1380 3140 1654 3193; x_wconf 90' lang='lat' dir='ltr'><strong>numero</strong></span> <span class='ocrx_word' id='word_1_171' title='bbox 1709 3123 2117 3216; x_wconf 76' lang='lat' dir='ltr'><strong>promptiuS,</strong></span> <span class='ocrx_word' id='word_1_172' title='bbox 2171 3142 2363 3214; x_wconf 84' lang='lat' dir='ltr'><strong>quam</strong></span> <span class='ocrx_word' id='word_1_173' title='bbox 2420 3124 2526 3212; x_wconf 87' lang='lat' dir='ltr'><strong>qui</strong></span> <span class='ocrx_word' id='word_1_174' title='bbox 2582 3129 2773 3191; x_wconf 83' lang='lat' dir='ltr'><strong>antea</strong></span> <span class='ocrx_word' id='word_1_175' title='bbox 2832 3142 2970 3190; x_wconf 89' lang='lat' dir='ltr'><strong>rem</strong></span> <span class='ocrx_word' id='word_1_176' title='bbox 3026 3128 3514 3208; x_wconf 84' lang='lat' dir='ltr'><strong>tractaverunt,</strong></span> <span class='ocrx_word' id='word_1_177' title='bbox 3584 3121 3930 3213; x_wconf 85' lang='lat' dir='ltr'><strong>aptiusque</strong></span> <span class='ocrx_word' id='word_1_178' title='bbox 3984 3116 4119 3189; x_wconf 91' lang='lat' dir='ltr'><strong>de-</strong></span> 
     </span>
     <span class='ocr_line' id='line_1_21' title="bbox 811 3257 4113 3353; baseline 0 -25"><span class='ocrx_word' id='word_1_179' title='bbox 811 3262 1246 3347; x_wconf 79' lang='lat' dir='ltr'><strong>monstravit,</strong></span> <span class='ocrx_word' id='word_1_180' title='bbox 1300 3268 1637 3353; x_wconf 90' lang='lat' dir='ltr'><strong>torporem</strong></span> <span class='ocrx_word' id='word_1_181' title='bbox 1695 3259 2010 3349; x_wconf 89' lang='lat' dir='ltr'><strong>musculi,</strong></span> <span class='ocrx_word' id='word_1_182' title='bbox 2065 3257 2296 3330; x_wconf 88' lang='lat' dir='ltr'><strong>eadem</strong></span> <span class='ocrx_word' id='word_1_183' title='bbox 2352 3279 2716 3330; x_wconf 86' lang='lat' dir='ltr'><strong>nervorum</strong></span> <span class='ocrx_word' id='word_1_184' title='bbox 2769 3261 3184 3346; x_wconf 87' lang='lat' dir='ltr'><strong>incitatione,</strong></span> <span class='ocrx_word' id='word_1_185' title='bbox 3260 3280 3344 3331; x_wconf 97' lang='lat' dir='ltr'><strong>eo</strong></span> <span class='ocrx_word' id='word_1_186' title='bbox 3397 3259 3583 3330; x_wconf 91' lang='lat' dir='ltr'><strong>citius</strong></span> <span class='ocrx_word' id='word_1_187' title='bbox 3637 3260 3909 3348; x_wconf 87' lang='lat' dir='ltr'><strong>augeri,</strong></span> <span class='ocrx_word' id='word_1_188' title='bbox 3979 3278 4113 3349; x_wconf 90' lang='lat' dir='ltr'><strong>quo</strong></span> 
     </span>
     <span class='ocr_line' id='line_1_22' title="bbox 809 3389 4114 3491; baseline -0.001 -24"><span class='ocrx_word' id='word_1_189' title='bbox 809 3399 1021 3489; x_wconf 89' lang='lat' dir='ltr'><strong>magis</strong></span> <span class='ocrx_word' id='word_1_190' title='bbox 1093 3399 1235 3491; x_wconf 88' lang='lat' dir='ltr'><strong>ipse</strong></span> <span class='ocrx_word' id='word_1_191' title='bbox 1307 3405 1418 3467; x_wconf 81' lang='lat' dir='ltr'><strong>aut</strong></span> <span class='ocrx_word' id='word_1_192' title='bbox 1488 3395 1918 3486; x_wconf 83' lang='lat' dir='ltr'><strong>extendatur,</strong></span> <span class='ocrx_word' id='word_1_193' title='bbox 1989 3406 2098 3468; x_wconf 84' lang='lat' dir='ltr'><strong>aut</strong></span> <span class='ocrx_word' id='word_1_194' title='bbox 2167 3399 2222 3468; x_wconf 89' lang='lat' dir='ltr'><strong>si</strong></span> <span class='ocrx_word' id='word_1_195' title='bbox 2295 3395 2375 3467; x_wconf 88' lang='lat' dir='ltr'><strong>ab</strong></span> <span class='ocrx_word' id='word_1_196' title='bbox 2450 3389 2838 3468; x_wconf 74' lang='lat' dir='ltr'><strong>extentione</strong></span> <span class='ocrx_word' id='word_1_197' title='bbox 2909 3394 3341 3485; x_wconf 83' lang='lat' dir='ltr'><strong>discesseris,</strong></span> <span class='ocrx_word' id='word_1_198' title='bbox 3410 3393 3643 3467; x_wconf 90' lang='lat' dir='ltr'><strong>labore</strong></span> <span class='ocrx_word' id='word_1_199' title='bbox 3711 3392 4114 3489; x_wconf 87' lang='lat' dir='ltr'><strong>perficiendo</strong></span> 
     </span>
    </p>
   </div>
   <div class='ocr_carea' id='block_1_5' title="bbox 810 3517 4147 3628">
    <p class='ocr_par' dir='ltr' id='par_1_5' title="bbox 810 3517 4147 3628">
     <span class='ocr_line' id='line_1_23' title="bbox 810 3517 4147 3628; baseline -0.001 -23"><span class='ocrx_word' id='word_1_200' title='bbox 810 3533 1167 3605; x_wconf 86' lang='lat' dir='ltr'><strong>relaxetur.</strong></span> <span class='ocrx_word' id='word_1_201' title='bbox 1273 3532 1467 3604; x_wconf 89' lang='lat' dir='ltr'><strong>Ratio</strong></span> <span class='ocrx_word' id='word_1_202' title='bbox 1523 3533 1825 3628; x_wconf 87' lang='lat' dir='ltr'><strong>quidem,</strong></span> <span class='ocrx_word' id='word_1_203' title='bbox 1898 3557 2025 3628; x_wconf 89' lang='lat' dir='ltr'><strong>qua</strong></span> <span class='ocrx_word' id='word_1_204' title='bbox 2093 3542 2323 3605; x_wconf 89' lang='lat' dir='ltr'><strong>auctor</strong></span> <span class='ocrx_word' id='word_1_205' title='bbox 2374 3537 2442 3604; x_wconf 88' lang='lat' dir='ltr'><strong>in</strong></span> <span class='ocrx_word' id='word_1_206' title='bbox 2514 3539 2915 3627; x_wconf 82' lang='lat' dir='ltr'><strong>argumentis</strong></span> <span class='ocrx_word' id='word_1_207' title='bbox 2988 3517 3409 3628; x_wconf 79' lang='lat' dir='ltr'><strong>disponendis</strong></span> <span class='ocrx_word' id='word_1_208' title='bbox 3480 3556 3637 3605; x_wconf 92' lang='lat' dir='ltr'><strong>usus</strong></span> <span class='ocrx_word' id='word_1_209' title='bbox 3707 3540 3832 3622; x_wconf 89' lang='lat' dir='ltr'><strong>est,</strong></span> <span class='ocrx_word' id='word_1_210' title='bbox 3901 3534 4147 3624; x_wconf 21' lang='lat' dir='ltr'><strong>minus*</strong></span> 
     </span>
    </p>
   </div>
   <div class='ocr_carea' id='block_1_6' title="bbox 811 3668 4116 4334">
    <p class='ocr_par' dir='ltr' id='par_1_6' title="bbox 811 3668 4116 4334">
     <span class='ocr_line' id='line_1_24' title="bbox 814 3668 4115 3768; baseline 0 -27"><span class='ocrx_word' id='word_1_211' title='bbox 814 3668 1313 3743; x_wconf 87' lang='lat' dir='ltr'><strong>accommodate</strong></span> <span class='ocrx_word' id='word_1_212' title='bbox 1365 3674 1725 3761; x_wconf 87' lang='lat' dir='ltr'><strong>successit,</strong></span> <span class='ocrx_word' id='word_1_213' title='bbox 1791 3670 1910 3742; x_wconf 91' lang='lat' dir='ltr'><strong>sed</strong></span> <span class='ocrx_word' id='word_1_214' title='bbox 1966 3680 2031 3742; x_wconf 92' lang='lat' dir='ltr'><strong>et</strong></span> <span class='ocrx_word' id='word_1_215' title='bbox 2084 3669 2314 3744; x_wconf 87' lang='lat' dir='ltr'><strong>brevis</strong></span> <span class='ocrx_word' id='word_1_216' title='bbox 2367 3675 2683 3768; x_wconf 88' lang='lat' dir='ltr'><strong>temporis</strong></span> <span class='ocrx_word' id='word_1_217' title='bbox 2756 3675 3256 3744; x_wconf 88' lang='lat' dir='ltr'><strong>excusationem</strong></span> <span class='ocrx_word' id='word_1_218' title='bbox 3323 3669 3559 3763; x_wconf 89' lang='lat' dir='ltr'><strong>habet,</strong></span> <span class='ocrx_word' id='word_1_219' title='bbox 3628 3691 3845 3764; x_wconf 89' lang='lat' dir='ltr'><strong>neque</strong></span> <span class='ocrx_word' id='word_1_220' title='bbox 3916 3669 4115 3760; x_wconf 89' lang='lat' dir='ltr'><strong>digna</strong></span> 
     </span>
     <span class='ocr_line' id='line_1_25' title="bbox 816 3808 4114 3907; baseline -0.001 -27"><span class='ocrx_word' id='word_1_221' title='bbox 816 3818 957 3898; x_wconf 88' lang='lat' dir='ltr'><strong>est,</strong></span> <span class='ocrx_word' id='word_1_222' title='bbox 1013 3830 1182 3900; x_wconf 89' lang='lat' dir='ltr'><strong>quae</strong></span> <span class='ocrx_word' id='word_1_223' title='bbox 1236 3811 1448 3881; x_wconf 87' lang='lat' dir='ltr'><strong>serius</strong></span> <span class='ocrx_word' id='word_1_224' title='bbox 1501 3812 1952 3906; x_wconf 87' lang='lat' dir='ltr'><strong>vituperetur,</strong></span> <span class='ocrx_word' id='word_1_225' title='bbox 2008 3833 2244 3905; x_wconf 88' lang='lat' dir='ltr'><strong>quum,</strong></span> <span class='ocrx_word' id='word_1_226' title='bbox 2300 3832 2470 3905; x_wconf 88' lang='lat' dir='ltr'><strong>quae</strong></span> <span class='ocrx_word' id='word_1_227' title='bbox 2527 3814 2767 3907; x_wconf 89' lang='lat' dir='ltr'><strong>optima</strong></span> <span class='ocrx_word' id='word_1_228' title='bbox 2819 3814 2901 3881; x_wconf 89' lang='lat' dir='ltr'><strong>sit</strong></span> <span class='ocrx_word' id='word_1_229' title='bbox 2935 3808 3343 3907; x_wconf 89' lang='lat' dir='ltr'><strong>procedendi</strong></span> <span class='ocrx_word' id='word_1_230' title='bbox 3397 3809 3784 3898; x_wconf 85' lang='lat' dir='ltr'><strong>methodus,</strong></span> <span class='ocrx_word' id='word_1_231' title='bbox 3838 3831 3929 3880; x_wconf 84' lang='lat' dir='ltr'><strong>ex</strong></span> <span class='ocrx_word' id='word_1_232' title='bbox 3956 3812 4114 3903; x_wconf 90' lang='lat' dir='ltr'><strong>ipsis</strong></span> 
     </span>
     <span class='ocr_line' id='line_1_26' title="bbox 811 3945 4116 4048; baseline -0.001 -30"><span class='ocrx_word' id='word_1_233' title='bbox 811 3945 1010 4018; x_wconf 90' lang='lat' dir='ltr'><strong>modo</strong></span> <span class='ocrx_word' id='word_1_234' title='bbox 1068 3950 1541 4043; x_wconf 86' lang='lat' dir='ltr'><strong>experimentis</strong></span> <span class='ocrx_word' id='word_1_235' title='bbox 1593 3950 1840 4022; x_wconf 89' lang='lat' dir='ltr'><strong>sensim</strong></span> <span class='ocrx_word' id='word_1_236' title='bbox 1891 3953 2269 4048; x_wconf 83' lang='lat' dir='ltr'><strong>sensimque</strong></span> <span class='ocrx_word' id='word_1_237' title='bbox 2320 3953 2624 4045; x_wconf 87' lang='lat' dir='ltr'><strong>patuerit.</strong></span> <span class='ocrx_word' id='word_1_238' title='bbox 2729 3947 2805 4021; x_wconf 86' lang='lat' dir='ltr'><strong>In</strong></span> <span class='ocrx_word' id='word_1_239' title='bbox 2856 3949 3212 4023; x_wconf 89' lang='lat' dir='ltr'><strong>tractandis</strong></span> <span class='ocrx_word' id='word_1_240' title='bbox 3241 3971 3506 4044; x_wconf 91' lang='lat' dir='ltr'><strong>quoque</strong></span> <span class='ocrx_word' id='word_1_241' title='bbox 3529 3950 3889 4045; x_wconf 84' lang='lat' dir='ltr'><strong>principiis,</strong></span> <span class='ocrx_word' id='word_1_242' title='bbox 3944 3968 4116 4042; x_wconf 91' lang='lat' dir='ltr'><strong>quae</strong></span> 
     </span>
     <span class='ocr_line' id='line_1_27' title="bbox 814 4082 4114 4183; baseline -0 -26"><span class='ocrx_word' id='word_1_243' title='bbox 814 4082 900 4157; x_wconf 88' lang='lat' dir='ltr'><strong>ad</strong></span> <span class='ocrx_word' id='word_1_244' title='bbox 953 4084 1402 4157; x_wconf 85' lang='lat' dir='ltr'><strong>mechanicam</strong></span> <span class='ocrx_word' id='word_1_245' title='bbox 1456 4097 1797 4182; x_wconf 86' lang='lat' dir='ltr'><strong>spectant,</strong></span> <span class='ocrx_word' id='word_1_246' title='bbox 1850 4087 2205 4183; x_wconf 87' lang='lat' dir='ltr'><strong>explicatio</strong></span> <span class='ocrx_word' id='word_1_247' title='bbox 2260 4108 2393 4160; x_wconf 91' lang='lat' dir='ltr'><strong>non</strong></span> <span class='ocrx_word' id='word_1_248' title='bbox 2448 4097 2580 4160; x_wconf 88' lang='lat' dir='ltr'><strong>tam</strong></span> <span class='ocrx_word' id='word_1_249' title='bbox 2629 4091 2978 4183; x_wconf 88' lang='lat' dir='ltr'><strong>perspicua</strong></span> <span class='ocrx_word' id='word_1_250' title='bbox 3042 4097 3181 4179; x_wconf 90' lang='lat' dir='ltr'><strong>est,</strong></span> <span class='ocrx_word' id='word_1_251' title='bbox 3233 4097 3303 4159; x_wconf 86' lang='lat' dir='ltr'><strong>ut</strong></span> <span class='ocrx_word' id='word_1_252' title='bbox 3354 4088 3645 4159; x_wconf 90' lang='lat' dir='ltr'><strong>melioris</strong></span> <span class='ocrx_word' id='word_1_253' title='bbox 3718 4084 4114 4158; x_wconf 89' lang='lat' dir='ltr'><strong>desiderium</strong></span> 
     </span>
     <span class='ocr_line' id='line_1_28' title="bbox 813 4221 1382 4334; baseline 0.004 -40"><span class='ocrx_word' id='word_1_254' title='bbox 813 4221 984 4295; x_wconf 88' lang='lat' dir='ltr'><strong>haud</strong></span> <span class='ocrx_word' id='word_1_255' title='bbox 1039 4223 1382 4334; x_wconf 60' lang='lat' dir='ltr'><strong>reanuaL</strong></span> 
     </span>
    </p>
   </div>
   <div class='ocr_carea' id='block_1_7' title="bbox 811 4385 4115 4632">
    <p class='ocr_par' dir='ltr' id='par_1_7' title="bbox 811 4385 4115 4632">
     <span class='ocr_line' id='line_1_29' title="bbox 1021 4385 4115 4502; baseline 0 -37"><span class='ocrx_word' id='word_1_256' title='bbox 1021 4392 1452 4468; x_wconf 88' lang='lat' dir='ltr'><strong>Nihilominus</strong></span> <span class='ocrx_word' id='word_1_257' title='bbox 1507 4385 1688 4469; x_wconf 62' lang='lat' dir='ltr'><strong>Ordo</strong></span> <span class='ocrx_word' id='word_1_258' title='bbox 1741 4395 2027 4472; x_wconf 87' lang='lat' dir='ltr'><strong>libellum</strong></span> <span class='ocrx_word' id='word_1_259' title='bbox 2084 4400 2372 4470; x_wconf 83' lang='lat' dir='ltr'><strong>auctoris</strong></span> <span class='ocrx_word' id='word_1_260' title='bbox 2444 4398 2752 4470; x_wconf 89' lang='lat' dir='ltr'><strong>idoneum</strong></span> <span class='ocrx_word' id='word_1_261' title='bbox 2822 4399 3137 4469; x_wconf 85' lang='lat' dir='ltr'><strong>acuminis</strong></span> <span class='ocrx_word' id='word_1_262' title='bbox 3210 4419 3291 4469; x_wconf 88' lang='lat' dir='ltr'><strong>ac</strong></span> <span class='ocrx_word' id='word_1_263' title='bbox 3377 4396 3695 4502; x_wconf 75' lang='lat' dir='ltr'><strong>solertiae</strong></span> <span class='ocrx_word' id='word_1_264' title='bbox 3775 4397 4115 4492; x_wconf 86' lang='lat' dir='ltr'><strong>specimen</strong></span> 
     </span>
     <span class='ocr_line' id='line_1_30' title="bbox 811 4531 2988 4632; baseline 0.002 -30"><span class='ocrx_word' id='word_1_265' title='bbox 811 4531 1262 4625; x_wconf 86' lang='lat' dir='ltr'><strong>existimavit,</strong></span> <span class='ocrx_word' id='word_1_266' title='bbox 1315 4533 1599 4627; x_wconf 88' lang='lat' dir='ltr'><strong>ideoque</strong></span> <span class='ocrx_word' id='word_1_267' title='bbox 1654 4535 1995 4627; x_wconf 90' lang='lat' dir='ltr'><strong>decrevit,</strong></span> <span class='ocrx_word' id='word_1_268' title='bbox 2046 4538 2340 4632; x_wconf 88' lang='lat' dir='ltr'><strong>praemio</strong></span> <span class='ocrx_word' id='word_1_269' title='bbox 2395 4558 2549 4609; x_wconf 89' lang='lat' dir='ltr'><strong>esse</strong></span> <span class='ocrx_word' id='word_1_270' title='bbox 2605 4535 2988 4608; x_wconf 88' lang='lat' dir='ltr'><strong>ornandum.</strong></span> 
     </span>
    </p>
   </div>
   <div class='ocr_carea' id='block_1_8' title="bbox 4314 824 4365 853">
    <p class='ocr_par' dir='ltr' id='par_1_8' title="bbox 4314 824 4365 853">
     <span class='ocr_line' id='line_1_31' title="bbox 4314 824 4365 853; baseline 0 0"><span class='ocrx_word' id='word_1_271' title='bbox 4314 824 4365 853; x_wconf 56' lang='grc' dir='ltr'><strong><em>Ι</em></strong></span> 
     </span>
    </p>
   </div>
   <div class='ocr_carea' id='block_1_9' title="bbox 4702 51 4707 1069">
    <p class='ocr_par' dir='ltr' id='par_1_9' title="bbox 4702 51 4707 1069">
     <span class='ocr_line' id='line_1_32' title="bbox 4702 51 4707 1069; baseline 0 0"><span class='ocrx_word' id='word_1_272' title='bbox 4702 51 4707 1069; x_wconf 95' lang='lat' dir='ltr'><strong> </strong></span> 
     </span>
    </p>
   </div>
   <div class='ocr_carea' id='block_1_10' title="bbox 4703 3667 4706 5751">
    <p class='ocr_par' dir='ltr' id='par_1_10' title="bbox 4703 3667 4706 5751">
     <span class='ocr_line' id='line_1_33' title="bbox 4703 3667 4706 5751; baseline 0 0"><span class='ocrx_word' id='word_1_273' title='bbox 4703 3667 4706 5751; x_wconf 95' lang='lat' dir='ltr'><strong> </strong></span> 
     </span>
    </p>
   </div>
  </div>
 </body>
</html>
