<?xml version="1.0" encoding="UTF-8"?>
<!DOCTYPE html PUBLIC "-//W3C//DTD XHTML 1.0 Transitional//EN"
    "http://www.w3.org/TR/xhtml1/DTD/xhtml1-transitional.dtd">
<html xmlns="http://www.w3.org/1999/xhtml" xml:lang="en" lang="en">
 <head>
  <title>
</title>
<meta http-equiv="Content-Type" content="text/html;charset=utf-8" />
  <meta name='ocr-system' content='tesseract 3.04.00' />
  <meta name='ocr-capabilities' content='ocr_page ocr_carea ocr_par ocr_line ocrx_word'/>
</head>
<body>
  <div class='ocr_page' id='page_1' title='image "./diesinterpellat00beckgoog_0661.png"; bbox 0 0 4782 6002; ppageno 0'>
   <div class='ocr_carea' id='block_1_1' title="bbox 511 1501 3594 1827">
    <p class='ocr_par' dir='ltr' id='par_1_1' title="bbox 511 1501 3594 1827">
     <span class='ocr_line' id='line_1_1' title="bbox 1992 1501 2138 1577; baseline 0.007 -1"><span class='ocrx_word' id='word_1_1' title='bbox 1992 1501 2138 1577; x_wconf 77' lang='grc' dir='ltr'><strong>ΒΕ</strong></span> 
     </span>
     <span class='ocr_line' id='line_1_2' title="bbox 511 1687 3594 1827; baseline 0.002 -27"><span class='ocrx_word' id='word_1_2' title='bbox 511 1687 1280 1806; x_wconf 78' lang='lat' dir='ltr'>IMPENSIS</span> <span class='ocrx_word' id='word_1_3' title='bbox 1300 1768 1331 1827; x_wconf 88' lang='grc'><strong>,</strong></span> <span class='ocrx_word' id='word_1_4' title='bbox 1409 1691 2308 1824; x_wconf 75' lang='lat' dir='ltr'><strong>EARUMQUE</strong></span> <span class='ocrx_word' id='word_1_5' title='bbox 2381 1688 3594 1806; x_wconf 73' lang='lat' dir='ltr'><strong>RESTITUTIONE.</strong></span> 
     </span>
    </p>
   </div>
   <div class='ocr_carea' id='block_1_2' title="bbox 1958 2226 2171 2309">
    <p class='ocr_par' dir='ltr' id='par_1_2' title="bbox 1958 2226 2171 2309">
     <span class='ocr_line' id='line_1_3' title="bbox 1958 2226 2171 2309; baseline 0.005 -14"><span class='ocrx_word' id='word_1_6' title='bbox 1958 2228 2035 2309; x_wconf 68' lang='lat' dir='ltr'><strong>S.</strong></span> <span class='ocrx_word' id='word_1_7' title='bbox 2108 2226 2171 2296; x_wconf 85' lang='lat'><strong>1.</strong></span> 
     </span>
    </p>
   </div>
   <div class='ocr_carea' id='block_1_3' title="bbox 414 2314 3702 2463">
    <p class='ocr_par' dir='ltr' id='par_1_3' title="bbox 414 2314 3702 2463">
     <span class='ocr_line' id='line_1_4' title="bbox 414 2314 3702 2463; baseline -0.001 -21"><span class='ocrx_word' id='word_1_8' title='bbox 414 2331 522 2442; x_wconf 78' lang='lat' dir='ltr'><strong>In</strong></span> <span class='ocrx_word' id='word_1_9' title='bbox 572 2368 734 2438; x_wconf 80' lang='lat' dir='ltr'><strong>tota</strong></span> <span class='ocrx_word' id='word_1_10' title='bbox 783 2359 880 2438; x_wconf 83' lang='lat' dir='ltr'><strong>de</strong></span> <span class='ocrx_word' id='word_1_11' title='bbox 930 2363 1276 2461; x_wconf 80' lang='lat' dir='ltr'><strong>impensis</strong></span> <span class='ocrx_word' id='word_1_12' title='bbox 1328 2358 1668 2440; x_wconf 83' lang='lat' dir='ltr'><strong>doctrina</strong></span> <span class='ocrx_word' id='word_1_13' title='bbox 1716 2359 1862 2439; x_wconf 88' lang='lat' dir='ltr'><strong>hoc</strong></span> <span class='ocrx_word' id='word_1_14' title='bbox 1911 2364 2343 2463; x_wconf 89' lang='lat' dir='ltr'><strong>principium</strong></span> <span class='ocrx_word' id='word_1_15' title='bbox 2386 2384 2597 2458; x_wconf 82' lang='lat' dir='ltr'><strong>quam</strong></span> <span class='ocrx_word' id='word_1_16' title='bbox 2636 2314 2947 2437; x_wconf 81' lang='lat' dir='ltr'><strong>maxime</strong></span> <span class='ocrx_word' id='word_1_17' title='bbox 2987 2365 3327 2437; x_wconf 82' lang='lat' dir='ltr'><strong>servavit</strong></span> <span class='ocrx_word' id='word_1_18' title='bbox 3365 2366 3498 2462; x_wconf 88' lang='lat' dir='ltr'><strong>jus</strong></span> <span class='ocrx_word' id='word_1_19' title='bbox 3539 2363 3702 2439; x_wconf 84' lang='lat' dir='ltr'><strong>Ro-</strong></span> 
     </span>
    </p>
   </div>
   <div class='ocr_carea' id='block_1_4' title="bbox 403 2507 3701 4298">
    <p class='ocr_par' dir='ltr' id='par_1_4' title="bbox 403 2507 3701 4298">
     <span class='ocr_line' id='line_1_5' title="bbox 412 2507 3701 2613; baseline 0.001 -27"><span class='ocrx_word' id='word_1_20' title='bbox 412 2535 696 2586; x_wconf 83' lang='lat' dir='ltr'><strong>manum</strong></span> <span class='ocrx_word' id='word_1_21' title='bbox 766 2513 1182 2603; x_wconf 89' lang='lat' dir='ltr'><strong>„neminem</strong></span> <span class='ocrx_word' id='word_1_22' title='bbox 1244 2534 1404 2586; x_wconf 89' lang='lat' dir='ltr'><strong>cum</strong></span> <span class='ocrx_word' id='word_1_23' title='bbox 1470 2510 1777 2586; x_wconf 82' lang='lat' dir='ltr'><strong>alterius</strong></span> <span class='ocrx_word' id='word_1_24' title='bbox 1838 2507 2278 2600; x_wconf 78' lang='lat' dir='ltr'><strong>detrimento</strong></span> <span class='ocrx_word' id='word_1_25' title='bbox 2344 2512 2907 2613; x_wconf 80' lang='lat' dir='ltr'><strong>locupletiorem</strong></span> <span class='ocrx_word' id='word_1_26' title='bbox 2968 2511 3132 2588; x_wconf 89' lang='lat' dir='ltr'><strong>fieri</strong></span> <span class='ocrx_word' id='word_1_27' title='bbox 3177 2510 3242 2608; x_wconf 72' lang='grc'><strong>1)</strong></span> <span class='ocrx_word' id='word_1_28' title='bbox 3312 2510 3592 2590; x_wconf 85' lang='lat' dir='ltr'><strong>debere</strong></span> <span class='ocrx_word' id='word_1_29' title='bbox 3610 2518 3701 2606; x_wconf 77' lang='lat'><strong>‘⁴3</strong></span> 
     </span>
     <span class='ocr_line' id='line_1_6' title="bbox 412 2619 3699 2750; baseline 0.001 -24"><span class='ocrx_word' id='word_1_30' title='bbox 412 2650 735 2750; x_wconf 85' lang='lat' dir='ltr'><strong>ideoque</strong></span> <span class='ocrx_word' id='word_1_31' title='bbox 777 2652 990 2750; x_wconf 85' lang='lat' dir='ltr'><strong>leges</strong></span> <span class='ocrx_word' id='word_1_32' title='bbox 1032 2651 1409 2727; x_wconf 82' lang='lat' dir='ltr'><strong>Romanae</strong></span> <span class='ocrx_word' id='word_1_33' title='bbox 1454 2654 2030 2744; x_wconf 85' lang='lat' dir='ltr'><strong>constituerunt,</strong></span> <span class='ocrx_word' id='word_1_34' title='bbox 2082 2652 2447 2750; x_wconf 83' lang='lat' dir='ltr'><strong>impensas</strong></span> <span class='ocrx_word' id='word_1_35' title='bbox 2496 2649 2627 2726; x_wconf 87' lang='lat' dir='ltr'><strong>vel</strong></span> <span class='ocrx_word' id='word_1_36' title='bbox 2673 2654 2745 2724; x_wconf 91' lang='lat' dir='ltr'><strong>in</strong></span> <span class='ocrx_word' id='word_1_37' title='bbox 2798 2672 2951 2725; x_wconf 90' lang='lat' dir='ltr'><strong>rem</strong></span> <span class='ocrx_word' id='word_1_38' title='bbox 3002 2650 3133 2726; x_wconf 85' lang='lat' dir='ltr'><strong>vel</strong></span> <span class='ocrx_word' id='word_1_39' title='bbox 3181 2619 3491 2750; x_wconf 80' lang='lat' dir='ltr'><strong>propter</strong></span> <span class='ocrx_word' id='word_1_40' title='bbox 3542 2675 3699 2728; x_wconf 84' lang='lat' dir='ltr'><strong>rem</strong></span> 
     </span>
     <span class='ocr_line' id='line_1_7' title="bbox 412 2785 3701 2890; baseline 0 -24"><span class='ocrx_word' id='word_1_41' title='bbox 412 2791 505 2866; x_wconf 81' lang='lat' dir='ltr'><strong>ab</strong></span> <span class='ocrx_word' id='word_1_42' title='bbox 559 2794 726 2890; x_wconf 91' lang='lat' dir='ltr'><strong>ejus</strong></span> <span class='ocrx_word' id='word_1_43' title='bbox 776 2811 1217 2890; x_wconf 78' lang='lat' dir='ltr'><strong>possessore</strong></span> <span class='ocrx_word' id='word_1_44' title='bbox 1269 2789 1510 2865; x_wconf 76' lang='lat' dir='ltr'><strong>factas</strong></span> <span class='ocrx_word' id='word_1_45' title='bbox 1531 2843 1554 2884; x_wconf 85' lang='lat'>‚</span> <span class='ocrx_word' id='word_1_46' title='bbox 1622 2785 1859 2865; x_wconf 89' lang='lat' dir='ltr'><strong>eidem</strong></span> <span class='ocrx_word' id='word_1_47' title='bbox 1908 2791 2203 2864; x_wconf 89' lang='lat' dir='ltr'><strong>restitui</strong></span> <span class='ocrx_word' id='word_1_48' title='bbox 2249 2797 2625 2889; x_wconf 89' lang='lat' dir='ltr'><strong>oportere.</strong></span> <span class='ocrx_word' id='word_1_49' title='bbox 2727 2789 3047 2865; x_wconf 85' lang='lat' dir='ltr'><strong>Utuntur</strong></span> <span class='ocrx_word' id='word_1_50' title='bbox 3095 2798 3340 2865; x_wconf 82' lang='lat' dir='ltr'><strong>autem</strong></span> <span class='ocrx_word' id='word_1_51' title='bbox 3389 2790 3701 2866; x_wconf 80' lang='lat' dir='ltr'><strong>Romani</strong></span> 
     </span>
     <span class='ocr_line' id='line_1_8' title="bbox 412 2909 3699 3031; baseline -0.001 -23"><span class='ocrx_word' id='word_1_52' title='bbox 412 2930 511 3013; x_wconf 82' lang='lat' dir='ltr'><strong>ad</strong></span> <span class='ocrx_word' id='word_1_53' title='bbox 558 2930 635 3007; x_wconf 84' lang='lat' dir='ltr'><strong>id</strong></span> <span class='ocrx_word' id='word_1_54' title='bbox 686 2909 1279 3031; x_wconf 81' lang='lat' dir='ltr'><strong>significandum,</strong></span> <span class='ocrx_word' id='word_1_55' title='bbox 1335 2927 1533 3029; x_wconf 85' lang='lat' dir='ltr'><strong>quod</strong></span> <span class='ocrx_word' id='word_1_56' title='bbox 1582 2951 1719 3006; x_wconf 93' lang='lat' dir='ltr'><strong>nos</strong></span> <span class='ocrx_word' id='word_1_57' title='bbox 1757 2929 2012 3029; x_wconf 79' lang='lat' dir='ltr'><strong>lingua</strong></span> <span class='ocrx_word' id='word_1_58' title='bbox 2055 2928 2466 3006; x_wconf 81' lang='lat' dir='ltr'><strong>vernacula</strong></span> <span class='ocrx_word' id='word_1_59' title='bbox 2503 2928 3067 3031; x_wconf 67' lang='lat' dir='ltr'><strong>‘Betmenbnngen</strong></span> <span class='ocrx_word' id='word_1_60' title='bbox 3109 2952 3460 3008; x_wconf 82' lang='lat' dir='ltr'><strong>vocamus</strong></span> <span class='ocrx_word' id='word_1_61' title='bbox 3478 2982 3502 3025; x_wconf 90' lang='lat'>‚</span> <span class='ocrx_word' id='word_1_62' title='bbox 3554 2940 3699 3005; x_wconf 79' lang='lat' dir='ltr'><strong>tam</strong></span> 
     </span>
     <span class='ocr_line' id='line_1_9' title="bbox 410 3070 3698 3173; baseline -0.001 -25"><span class='ocrx_word' id='word_1_63' title='bbox 410 3074 640 3148; x_wconf 75' lang='lat' dir='ltr'><strong>variis</strong></span> <span class='ocrx_word' id='word_1_64' title='bbox 687 3071 946 3148; x_wconf 82' lang='lat' dir='ltr'><strong>verbis</strong></span> <span class='ocrx_word' id='word_1_65' title='bbox 966 3125 989 3165; x_wconf 90' lang='lat'>‚</span> <span class='ocrx_word' id='word_1_66' title='bbox 1056 3079 1138 3146; x_wconf 89' lang='lat' dir='ltr'><strong>ut</strong></span> <span class='ocrx_word' id='word_1_67' title='bbox 1187 3070 1461 3146; x_wconf 89' lang='lat' dir='ltr'><strong>nullum</strong></span> <span class='ocrx_word' id='word_1_68' title='bbox 1508 3073 1702 3145; x_wconf 89' lang='lat' dir='ltr'><strong>inter</strong></span> <span class='ocrx_word' id='word_1_69' title='bbox 1753 3092 2128 3171; x_wconf 79' lang='lat' dir='ltr'><strong>expensas</strong></span> <span class='ocrx_word' id='word_1_70' title='bbox 2180 3077 2258 3146; x_wconf 89' lang='lat' dir='ltr'><strong>et</strong></span> <span class='ocrx_word' id='word_1_71' title='bbox 2307 3074 2677 3173; x_wconf 81' lang='lat' dir='ltr'><strong>impensas</strong></span> <span class='ocrx_word' id='word_1_72' title='bbox 2725 3071 3118 3149; x_wconf 77' lang='lat' dir='ltr'><strong>discrimen</strong></span> <span class='ocrx_word' id='word_1_73' title='bbox 3182 3071 3477 3171; x_wconf 82' lang='lat' dir='ltr'><strong>legibus</strong></span> <span class='ocrx_word' id='word_1_74' title='bbox 3526 3072 3698 3147; x_wconf 90' lang='lat' dir='ltr'><strong>fun-</strong></span> 
     </span>
     <span class='ocr_line' id='line_1_10' title="bbox 412 3206 3701 3326; baseline 0.002 -41"><span class='ocrx_word' id='word_1_75' title='bbox 412 3209 657 3326; x_wconf 72' lang='lat' dir='ltr'><strong>datum</strong></span> <span class='ocrx_word' id='word_1_76' title='bbox 707 3213 1029 3313; x_wconf 81' lang='lat' dir='ltr'><strong>perspici</strong></span> <span class='ocrx_word' id='word_1_77' title='bbox 1082 3212 1323 3311; x_wconf 87' lang='lat' dir='ltr'><strong>possit</strong></span> <span class='ocrx_word' id='word_1_78' title='bbox 1371 3206 1465 3303; x_wconf 78' lang='lat'><strong>²).</strong></span> <span class='ocrx_word' id='word_1_79' title='bbox 1596 3208 1860 3285; x_wconf 80' lang='lat' dir='ltr'><strong>Verba</strong></span> <span class='ocrx_word' id='word_1_80' title='bbox 1917 3217 2160 3290; x_wconf 83' lang='lat' dir='ltr'><strong>autem</strong></span> <span class='ocrx_word' id='word_1_81' title='bbox 2181 3265 2202 3305; x_wconf 89' lang='lat'>‚</span> <span class='ocrx_word' id='word_1_82' title='bbox 2275 3236 2466 3310; x_wconf 81' lang='lat' dir='ltr'><strong>quae</strong></span> <span class='ocrx_word' id='word_1_83' title='bbox 2513 3215 2914 3312; x_wconf 82' lang='lat' dir='ltr'><strong>praecipue</strong></span> <span class='ocrx_word' id='word_1_84' title='bbox 2962 3216 3037 3285; x_wconf 93' lang='lat' dir='ltr'><strong>in</strong></span> <span class='ocrx_word' id='word_1_85' title='bbox 3086 3213 3381 3311; x_wconf 81' lang='lat' dir='ltr'><strong>legibus</strong></span> <span class='ocrx_word' id='word_1_86' title='bbox 3432 3234 3701 3290; x_wconf 88' lang='lat' dir='ltr'><strong>occur-</strong></span> 
     </span>
     <span class='ocr_line' id='line_1_11' title="bbox 412 3349 3700 3451; baseline -0.001 -23"><span class='ocrx_word' id='word_1_87' title='bbox 412 3362 618 3447; x_wconf 87' lang='lat' dir='ltr'><strong>runt,</strong></span> <span class='ocrx_word' id='word_1_88' title='bbox 694 3362 865 3429; x_wconf 88' lang='lat' dir='ltr'><strong>sunt</strong></span> <span class='ocrx_word' id='word_1_89' title='bbox 925 3352 1162 3431; x_wconf 82' lang='lat' dir='ltr'><strong>haec:</strong></span> <span class='ocrx_word' id='word_1_90' title='bbox 1238 3360 1569 3443; x_wconf 59' lang='lat' dir='ltr'><strong>summes,</strong></span> <span class='ocrx_word' id='word_1_91' title='bbox 1622 3351 1721 3428; x_wconf 87' lang='lat' dir='ltr'><strong>cf.</strong></span> <span class='ocrx_word' id='word_1_92' title='bbox 1773 3350 1865 3426; x_wconf 87' lang='lat' dir='ltr'><strong>fr.</strong></span> <span class='ocrx_word' id='word_1_93' title='bbox 1927 3356 2020 3427; x_wconf 83' lang='lat'><strong>18</strong></span> <span class='ocrx_word' id='word_1_94' title='bbox 2083 3362 2153 3443; x_wconf 72' lang='lat' dir='ltr'><strong>S.</strong></span> <span class='ocrx_word' id='word_1_95' title='bbox 2203 3352 2334 3428; x_wconf 90' lang='lat' dir='ltr'><strong>ult.</strong></span> <span class='ocrx_word' id='word_1_96' title='bbox 2386 3351 2560 3451; x_wconf 79' lang='lat' dir='ltr'><strong>mg.</strong></span> <span class='ocrx_word' id='word_1_97' title='bbox 2626 3349 2723 3427; x_wconf 86' lang='lat' dir='ltr'><strong>de</strong></span> <span class='ocrx_word' id='word_1_98' title='bbox 2785 3350 3301 3427; x_wconf 84' lang='lat' dir='ltr'><strong>donationibus</strong></span> <span class='ocrx_word' id='word_1_99' title='bbox 3369 3355 3553 3445; x_wconf 80' lang='grc'><strong>(39,</strong></span> <span class='ocrx_word' id='word_1_100' title='bbox 3605 3356 3700 3451; x_wconf 75' lang='grc' dir='ltr'><strong>ὅ)</strong></span> 
     </span>
     <span class='ocr_line' id='line_1_12' title="bbox 409 3489 3697 3599; baseline -0.002 -26"><span class='ocrx_word' id='word_1_101' title='bbox 409 3499 500 3574; x_wconf 83' lang='lat' dir='ltr'><strong>fr.</strong></span> <span class='ocrx_word' id='word_1_102' title='bbox 544 3501 641 3573; x_wconf 93' lang='grc'><strong>79</strong></span> <span class='ocrx_word' id='word_1_103' title='bbox 692 3497 788 3576; x_wconf 84' lang='lat' dir='ltr'><strong>de</strong></span> <span class='ocrx_word' id='word_1_104' title='bbox 822 3497 982 3599; x_wconf 89' lang='lat' dir='ltr'><strong>jud.</strong></span> <span class='ocrx_word' id='word_1_105' title='bbox 1034 3499 1163 3593; x_wconf 80' lang='grc'><strong>(5,</strong></span> <span class='ocrx_word' id='word_1_106' title='bbox 1214 3500 1297 3591; x_wconf 84' lang='grc'><strong>1)</strong></span> <span class='ocrx_word' id='word_1_107' title='bbox 1347 3496 1443 3573; x_wconf 86' lang='lat' dir='ltr'><strong>fr.</strong></span> <span class='ocrx_word' id='word_1_108' title='bbox 1496 3499 1592 3570; x_wconf 98' lang='grc'><strong>22</strong></span> <span class='ocrx_word' id='word_1_109' title='bbox 1644 3504 1718 3585; x_wconf 74' lang='lat' dir='ltr'><strong>s.</strong></span> <span class='ocrx_word' id='word_1_110' title='bbox 1759 3499 1810 3571; x_wconf 76' lang='lat'><strong>3</strong></span> <span class='ocrx_word' id='word_1_111' title='bbox 1860 3494 1960 3572; x_wconf 77' lang='lat' dir='ltr'><strong>ad</strong></span> <span class='ocrx_word' id='word_1_112' title='bbox 2003 3490 2161 3573; x_wconf 82' lang='lat' dir='ltr'><strong>SC.</strong></span> <span class='ocrx_word' id='word_1_113' title='bbox 2203 3491 2542 3570; x_wconf 80' lang='lat' dir='ltr'><strong>Trebell.</strong></span> <span class='ocrx_word' id='word_1_114' title='bbox 2595 3495 2773 3586; x_wconf 82' lang='grc'><strong>(36,</strong></span> <span class='ocrx_word' id='word_1_115' title='bbox 2820 3495 2951 3591; x_wconf 65' lang='grc'><strong>1),</strong></span> <span class='ocrx_word' id='word_1_116' title='bbox 3000 3495 3407 3591; x_wconf 69' lang='lat' dir='ltr'><strong>impensae,</strong></span> <span class='ocrx_word' id='word_1_117' title='bbox 3458 3489 3557 3568; x_wconf 88' lang='lat' dir='ltr'><strong>cf.</strong></span> <span class='ocrx_word' id='word_1_118' title='bbox 3602 3491 3697 3567; x_wconf 89' lang='lat' dir='ltr'><strong>fr.</strong></span> 
     </span>
     <span class='ocr_line' id='line_1_13' title="bbox 410 3628 3699 3740; baseline -0.002 -27"><span class='ocrx_word' id='word_1_119' title='bbox 410 3642 511 3713; x_wconf 77' lang='lat'><strong>38</strong></span> <span class='ocrx_word' id='word_1_120' title='bbox 557 3640 654 3715; x_wconf 89' lang='lat' dir='ltr'><strong>D.</strong></span> <span class='ocrx_word' id='word_1_121' title='bbox 706 3638 802 3716; x_wconf 86' lang='lat' dir='ltr'><strong>de</strong></span> <span class='ocrx_word' id='word_1_122' title='bbox 853 3639 1011 3717; x_wconf 89' lang='lat' dir='ltr'><strong>her.</strong></span> <span class='ocrx_word' id='word_1_123' title='bbox 1063 3645 1215 3740; x_wconf 86' lang='lat' dir='ltr'><strong>pet.</strong></span> <span class='ocrx_word' id='word_1_124' title='bbox 1266 3642 1394 3731; x_wconf 85' lang='grc'><strong>(5,</strong></span> <span class='ocrx_word' id='word_1_125' title='bbox 1446 3641 1538 3732; x_wconf 82' lang='grc'><strong>3)</strong></span> <span class='ocrx_word' id='word_1_126' title='bbox 1604 3636 1696 3712; x_wconf 88' lang='lat' dir='ltr'><strong>fr.</strong></span> <span class='ocrx_word' id='word_1_127' title='bbox 1750 3641 1846 3711; x_wconf 91' lang='grc'><strong>79</strong></span> <span class='ocrx_word' id='word_1_128' title='bbox 1910 3635 2008 3713; x_wconf 86' lang='lat' dir='ltr'><strong>de</strong></span> <span class='ocrx_word' id='word_1_129' title='bbox 2057 3633 2158 3709; x_wconf 88' lang='lat' dir='ltr'><strong>V.</strong></span> <span class='ocrx_word' id='word_1_130' title='bbox 2211 3632 2300 3711; x_wconf 87' lang='lat' dir='ltr'><strong>S.</strong></span> <span class='ocrx_word' id='word_1_131' title='bbox 2366 3630 2459 3706; x_wconf 88' lang='lat' dir='ltr'><strong>fr.</strong></span> <span class='ocrx_word' id='word_1_132' title='bbox 2520 3634 2614 3707; x_wconf 80' lang='lat'><strong>14</strong></span> <span class='ocrx_word' id='word_1_133' title='bbox 2681 3628 2778 3706; x_wconf 86' lang='lat' dir='ltr'><strong>de</strong></span> <span class='ocrx_word' id='word_1_134' title='bbox 2844 3632 3147 3735; x_wconf 90' lang='lat' dir='ltr'><strong>impens.</strong></span> <span class='ocrx_word' id='word_1_135' title='bbox 3209 3633 3289 3704; x_wconf 90' lang='lat' dir='ltr'><strong>in</strong></span> <span class='ocrx_word' id='word_1_136' title='bbox 3348 3653 3475 3706; x_wconf 91' lang='lat' dir='ltr'><strong>res</strong></span> <span class='ocrx_word' id='word_1_137' title='bbox 3542 3628 3699 3707; x_wconf 83' lang='lat' dir='ltr'><strong>dot.</strong></span> 
     </span>
     <span class='ocr_line' id='line_1_14' title="bbox 410 3766 3698 3878; baseline -0.002 -28"><span class='ocrx_word' id='word_1_138' title='bbox 410 3778 587 3870; x_wconf 78' lang='grc'><strong>(25,</strong></span> <span class='ocrx_word' id='word_1_139' title='bbox 637 3780 715 3873; x_wconf 87' lang='lat'><strong>1)</strong></span> <span class='ocrx_word' id='word_1_140' title='bbox 766 3786 909 3853; x_wconf 87' lang='lat' dir='ltr'><strong>cet.</strong></span> <span class='ocrx_word' id='word_1_141' title='bbox 985 3799 1390 3878; x_wconf 74' lang='lat' dir='ltr'><strong>expensae,</strong></span> <span class='ocrx_word' id='word_1_142' title='bbox 1457 3774 1612 3852; x_wconf 83' lang='lat' dir='ltr'><strong>vid.</strong></span> <span class='ocrx_word' id='word_1_143' title='bbox 1663 3774 1756 3849; x_wconf 86' lang='lat' dir='ltr'><strong>fr.</strong></span> <span class='ocrx_word' id='word_1_144' title='bbox 1806 3777 1907 3848; x_wconf 81' lang='grc'><strong>39</strong></span> <span class='ocrx_word' id='word_1_145' title='bbox 1970 3782 2044 3863; x_wconf 73' lang='lat' dir='ltr'><strong>s.</strong></span> <span class='ocrx_word' id='word_1_146' title='bbox 2096 3771 2227 3847; x_wconf 90' lang='lat' dir='ltr'><strong>ult.</strong></span> <span class='ocrx_word' id='word_1_147' title='bbox 2278 3773 2374 3847; x_wconf 90' lang='lat' dir='ltr'><strong>D.</strong></span> <span class='ocrx_word' id='word_1_148' title='bbox 2428 3770 2526 3848; x_wconf 86' lang='lat' dir='ltr'><strong>de</strong></span> <span class='ocrx_word' id='word_1_149' title='bbox 2577 3774 2829 3846; x_wconf 89' lang='lat' dir='ltr'><strong>minor.</strong></span> <span class='ocrx_word' id='word_1_150' title='bbox 2882 3773 3011 3865; x_wconf 81' lang='grc'><strong>(4,</strong></span> <span class='ocrx_word' id='word_1_151' title='bbox 3053 3773 3166 3864; x_wconf 80' lang='grc'><strong>4).</strong></span> <span class='ocrx_word' id='word_1_152' title='bbox 3284 3766 3545 3845; x_wconf 87' lang='lat' dir='ltr'><strong>Const.</strong></span> <span class='ocrx_word' id='word_1_153' title='bbox 3605 3773 3698 3843; x_wconf 85' lang='grc'><strong>12</strong></span> 
     </span>
     <span class='ocr_line' id='line_1_15' title="bbox 409 3907 3696 4017; baseline -0.003 -26"><span class='ocrx_word' id='word_1_154' title='bbox 409 3938 733 4015; x_wconf 89' lang='lat' dir='ltr'><strong>prooem.</strong></span> <span class='ocrx_word' id='word_1_155' title='bbox 783 3913 975 3992; x_wconf 87' lang='lat' dir='ltr'><strong>Cod.</strong></span> <span class='ocrx_word' id='word_1_156' title='bbox 1028 3914 1125 3993; x_wconf 85' lang='lat' dir='ltr'><strong>de</strong></span> <span class='ocrx_word' id='word_1_157' title='bbox 1175 3925 1325 4017; x_wconf 86' lang='lat' dir='ltr'><strong>pet.</strong></span> <span class='ocrx_word' id='word_1_158' title='bbox 1376 3915 1535 3992; x_wconf 89' lang='lat' dir='ltr'><strong>her.</strong></span> <span class='ocrx_word' id='word_1_159' title='bbox 1590 3918 1679 4009; x_wconf 81' lang='grc'><strong>(3</strong></span> <span class='ocrx_word' id='word_1_160' title='bbox 1703 3969 1725 4008; x_wconf 91' lang='grc'><strong>,</strong></span> <span class='ocrx_word' id='word_1_161' title='bbox 1766 3917 1931 4010; x_wconf 80' lang='grc'><strong>31).</strong></span> <span class='ocrx_word' id='word_1_162' title='bbox 2048 3910 2308 3989; x_wconf 85' lang='lat' dir='ltr'><strong>Coust.</strong></span> <span class='ocrx_word' id='word_1_163' title='bbox 2363 3913 2464 3985; x_wconf 83' lang='grc'><strong>24</strong></span> <span class='ocrx_word' id='word_1_164' title='bbox 2512 3907 2609 3985; x_wconf 85' lang='lat' dir='ltr'><strong>de</strong></span> <span class='ocrx_word' id='word_1_165' title='bbox 2660 3932 2828 4008; x_wconf 86' lang='lat' dir='ltr'><strong>neg.</strong></span> <span class='ocrx_word' id='word_1_166' title='bbox 2879 3917 3071 4008; x_wconf 85' lang='lat' dir='ltr'><strong>gest.</strong></span> <span class='ocrx_word' id='word_1_167' title='bbox 3123 3912 3250 4001; x_wconf 85' lang='grc'><strong>(2,</strong></span> <span class='ocrx_word' id='word_1_168' title='bbox 3304 3910 3479 4002; x_wconf 61' lang='grc'><strong>19),</strong></span> <span class='ocrx_word' id='word_1_169' title='bbox 3552 3910 3696 3982; x_wconf 78' lang='grc' dir='ltr'><strong>ἰηι-</strong></span> 
     </span>
     <span class='ocr_line' id='line_1_16' title="bbox 403 4044 3698 4154; baseline -0.004 -22"><span class='ocrx_word' id='word_1_170' title='bbox 403 4055 794 4154; x_wconf 75' lang='lat' dir='ltr'><strong>pmdium,</strong></span> <span class='ocrx_word' id='word_1_171' title='bbox 855 4053 952 4131; x_wconf 88' lang='lat' dir='ltr'><strong>cf.</strong></span> <span class='ocrx_word' id='word_1_172' title='bbox 1001 4054 1098 4130; x_wconf 74' lang='lat' dir='ltr'><strong>fr.</strong></span> <span class='ocrx_word' id='word_1_173' title='bbox 1151 4058 1197 4128; x_wconf 91' lang='grc'><strong>7</strong></span> <span class='ocrx_word' id='word_1_174' title='bbox 1246 4054 1343 4128; x_wconf 88' lang='lat' dir='ltr'><strong>D.</strong></span> <span class='ocrx_word' id='word_1_175' title='bbox 1395 4053 1493 4129; x_wconf 82' lang='lat' dir='ltr'><strong>ad</strong></span> <span class='ocrx_word' id='word_1_176' title='bbox 1542 4054 1692 4154; x_wconf 86' lang='lat' dir='ltr'><strong>leg.</strong></span> <span class='ocrx_word' id='word_1_177' title='bbox 1745 4051 1998 4150; x_wconf 86' lang='lat' dir='ltr'><strong>Aquil.</strong></span> <span class='ocrx_word' id='word_1_178' title='bbox 2052 4054 2180 4145; x_wconf 91' lang='grc'><strong>(9,</strong></span> <span class='ocrx_word' id='word_1_179' title='bbox 2234 4053 2324 4145; x_wconf 98' lang='grc'><strong>2)</strong></span> <span class='ocrx_word' id='word_1_180' title='bbox 2375 4047 2469 4124; x_wconf 88' lang='lat' dir='ltr'><strong>fr.</strong></span> <span class='ocrx_word' id='word_1_181' title='bbox 2518 4050 2649 4125; x_wconf 84' lang='lat' dir='ltr'><strong>ult.</strong></span> <span class='ocrx_word' id='word_1_182' title='bbox 2703 4048 2797 4122; x_wconf 88' lang='lat' dir='ltr'><strong>D.</strong></span> <span class='ocrx_word' id='word_1_183' title='bbox 2852 4047 2948 4124; x_wconf 86' lang='lat' dir='ltr'><strong>de</strong></span> <span class='ocrx_word' id='word_1_184' title='bbox 2998 4046 3115 4122; x_wconf 91' lang='lat' dir='ltr'><strong>his</strong></span> <span class='ocrx_word' id='word_1_185' title='bbox 3166 4048 3288 4143; x_wconf 84' lang='lat' dir='ltr'><strong>qui</strong></span> <span class='ocrx_word' id='word_1_186' title='bbox 3337 4044 3560 4122; x_wconf 82' lang='lat' dir='ltr'><strong>effud.</strong></span> <span class='ocrx_word' id='word_1_187' title='bbox 3619 4053 3698 4121; x_wconf 90' lang='lat' dir='ltr'><strong>et</strong></span> 
     </span>
     <span class='ocr_line' id='line_1_17' title="bbox 410 4178 3699 4298; baseline -0.005 -27"><span class='ocrx_word' id='word_1_188' title='bbox 410 4194 653 4298; x_wconf 81' lang='lat' dir='ltr'><strong>dejec.</strong></span> <span class='ocrx_word' id='word_1_189' title='bbox 717 4199 851 4291; x_wconf 89' lang='grc'><strong>(9,</strong></span> <span class='ocrx_word' id='word_1_190' title='bbox 913 4198 1005 4290; x_wconf 79' lang='grc'><strong>3)</strong></span> <span class='ocrx_word' id='word_1_191' title='bbox 1072 4194 1167 4270; x_wconf 84' lang='lat' dir='ltr'><strong>fr.</strong></span> <span class='ocrx_word' id='word_1_192' title='bbox 1236 4198 1334 4269; x_wconf 91' lang='grc'><strong>29</strong></span> <span class='ocrx_word' id='word_1_193' title='bbox 1400 4216 1650 4270; x_wconf 91' lang='lat' dir='ltr'><strong>comm.</strong></span> <span class='ocrx_word' id='word_1_194' title='bbox 1718 4191 1948 4269; x_wconf 82' lang='lat' dir='ltr'><strong>divid.</strong></span> <span class='ocrx_word' id='word_1_195' title='bbox 2022 4192 2196 4286; x_wconf 83' lang='lat'>(10,</span> <span class='ocrx_word' id='word_1_196' title='bbox 2236 4178 2329 4282; x_wconf 78' lang='grc'><strong>3)</strong></span> <span class='ocrx_word' id='word_1_197' title='bbox 2405 4187 2496 4263; x_wconf 88' lang='lat' dir='ltr'><strong>fr.</strong></span> <span class='ocrx_word' id='word_1_198' title='bbox 2552 4191 2648 4262; x_wconf 89' lang='grc'><strong>27</strong></span> <span class='ocrx_word' id='word_1_199' title='bbox 2715 4197 2788 4278; x_wconf 70' lang='lat' dir='ltr'><strong>s.</strong></span> <span class='ocrx_word' id='word_1_200' title='bbox 2843 4188 2893 4259; x_wconf 82' lang='lat'>4</span> <span class='ocrx_word' id='word_1_201' title='bbox 2949 4182 3270 4261; x_wconf 78' lang='lat' dir='ltr'><strong>mandati</strong></span> <span class='ocrx_word' id='word_1_202' title='bbox 3321 4186 3506 4279; x_wconf 86' lang='grc'><strong>(17,</strong></span> <span class='ocrx_word' id='word_1_203' title='bbox 3563 4186 3699 4277; x_wconf 75' lang='grc'><strong>1);</strong></span> 
     </span>
    </p>
   </div>
   <div class='ocr_carea' id='block_1_5' title="bbox 526 4497 3701 4796">
    <p class='ocr_par' dir='ltr' id='par_1_5' title="bbox 526 4497 3701 4796">
     <span class='ocr_line' id='line_1_18' title="bbox 529 4497 2607 4582; baseline -0.004 -16"><span class='ocrx_word' id='word_1_204' title='bbox 529 4505 607 4582; x_wconf 86' lang='grc'><strong>1)</strong></span> <span class='ocrx_word' id='word_1_205' title='bbox 646 4508 749 4567; x_wconf 80' lang='lat' dir='ltr'><strong>Fr.</strong></span> <span class='ocrx_word' id='word_1_206' title='bbox 788 4508 915 4568; x_wconf 77' lang='grc'><strong>206</strong></span> <span class='ocrx_word' id='word_1_207' title='bbox 954 4509 1029 4568; x_wconf 80' lang='grc' dir='ltr'><strong>Ι).</strong></span> <span class='ocrx_word' id='word_1_208' title='bbox 1072 4507 1150 4567; x_wconf 75' lang='lat' dir='ltr'><strong>de</strong></span> <span class='ocrx_word' id='word_1_209' title='bbox 1186 4509 1262 4568; x_wconf 75' lang='lat' dir='ltr'><strong>R.</strong></span> <span class='ocrx_word' id='word_1_210' title='bbox 1303 4509 1362 4568; x_wconf 82' lang='lat' dir='ltr'><strong>J.</strong></span> <span class='ocrx_word' id='word_1_211' title='bbox 1403 4511 1452 4567; x_wconf 71' lang='lat' dir='ltr'><strong>t.</strong></span> <span class='ocrx_word' id='word_1_212' title='bbox 1495 4506 1580 4568; x_wconf 74' lang='lat'><strong>14</strong></span> <span class='ocrx_word' id='word_1_213' title='bbox 1620 4508 1697 4567; x_wconf 82' lang='lat' dir='ltr'><strong>l).</strong></span> <span class='ocrx_word' id='word_1_214' title='bbox 1739 4507 1816 4565; x_wconf 81' lang='lat' dir='ltr'><strong>de</strong></span> <span class='ocrx_word' id='word_1_215' title='bbox 1857 4504 2034 4564; x_wconf 75' lang='lat' dir='ltr'><strong>cond.</strong></span> <span class='ocrx_word' id='word_1_216' title='bbox 2075 4501 2275 4562; x_wconf 74' lang='lat' dir='ltr'><strong>indeb.</strong></span> <span class='ocrx_word' id='word_1_217' title='bbox 2314 4498 2472 4576; x_wconf 82' lang='grc'><strong>(12,</strong></span> <span class='ocrx_word' id='word_1_218' title='bbox 2512 4497 2607 4574; x_wconf 76' lang='grc'><strong>6).</strong></span> 
     </span>
     <span class='ocr_line' id='line_1_19' title="bbox 526 4602 3700 4700; baseline -0.005 -28"><span class='ocrx_word' id='word_1_219' title='bbox 526 4610 603 4688; x_wconf 77' lang='grc'><strong>2)</strong></span> <span class='ocrx_word' id='word_1_220' title='bbox 645 4613 745 4672; x_wconf 74' lang='lat' dir='ltr'><strong>Cr.</strong></span> <span class='ocrx_word' id='word_1_221' title='bbox 787 4617 984 4671; x_wconf 68' lang='lat' dir='ltr'><strong>autem</strong></span> <span class='ocrx_word' id='word_1_222' title='bbox 1032 4614 1302 4674; x_wconf 72' lang='lat' dir='ltr'><strong>Thibaut</strong></span> <span class='ocrx_word' id='word_1_223' title='bbox 1340 4611 1562 4691; x_wconf 57' lang='lat' dir='ltr'><strong>&amp;system</strong></span> <span class='ocrx_word' id='word_1_224' title='bbox 1604 4617 1699 4676; x_wconf 62' lang='lat' dir='ltr'><strong>bre</strong></span> <span class='ocrx_word' id='word_1_225' title='bbox 1739 4605 2238 4686; x_wconf 56' lang='lat' dir='ltr'><strong>wanbertmtedyte.</strong></span> <span class='ocrx_word' id='word_1_226' title='bbox 2298 4604 2363 4681; x_wconf 63' lang='lat'><strong>8.</strong></span> <span class='ocrx_word' id='word_1_227' title='bbox 2406 4603 2571 4664; x_wconf 83' lang='grc'><strong>179.·</strong></span> <span class='ocrx_word' id='word_1_228' title='bbox 2647 4605 2704 4664; x_wconf 78' lang='lat' dir='ltr'><strong>J.</strong></span> <span class='ocrx_word' id='word_1_229' title='bbox 2748 4604 2821 4665; x_wconf 67' lang='lat' dir='ltr'><strong>G.</strong></span> <span class='ocrx_word' id='word_1_230' title='bbox 2866 4619 2905 4662; x_wconf 69' lang='grc' dir='ltr'>α</span> <span class='ocrx_word' id='word_1_231' title='bbox 2944 4602 3279 4700; x_wconf 61' lang='lat' dir='ltr'><strong>Sumam</strong></span> <span class='ocrx_word' id='word_1_232' title='bbox 3334 4602 3411 4660; x_wconf 79' lang='lat' dir='ltr'><strong>de</strong></span> <span class='ocrx_word' id='word_1_233' title='bbox 3451 4615 3700 4675; x_wconf 80' lang='lat' dir='ltr'><strong>expens.</strong></span> 
     </span>
     <span class='ocr_line' id='line_1_20' title="bbox 653 4707 3701 4796; baseline -0.003 -20"><span class='ocrx_word' id='word_1_234' title='bbox 653 4721 719 4776; x_wconf 85' lang='lat' dir='ltr'><strong>et</strong></span> <span class='ocrx_word' id='word_1_235' title='bbox 758 4717 988 4776; x_wconf 87' lang='lat' dir='ltr'><strong>melior.</strong></span> <span class='ocrx_word' id='word_1_236' title='bbox 1041 4721 1360 4796; x_wconf 69' lang='lat' dir='ltr'><strong>Mar-burg.</strong></span> <span class='ocrx_word' id='word_1_237' title='bbox 1403 4719 1587 4778; x_wconf 77' lang='grc'><strong>1601.</strong></span> <span class='ocrx_word' id='word_1_238' title='bbox 1700 4716 1910 4777; x_wconf 75' lang='lat' dir='ltr'><strong>valete</strong></span> <span class='ocrx_word' id='word_1_239' title='bbox 1946 4715 2135 4791; x_wconf 61' lang='lat' dir='ltr'><strong>fflanb.</strong></span> <span class='ocrx_word' id='word_1_240' title='bbox 2177 4713 2245 4791; x_wconf 65' lang='lat'><strong>§-</strong></span> <span class='ocrx_word' id='word_1_241' title='bbox 2282 4715 2382 4774; x_wconf 77' lang='lat'><strong>83.</strong></span> <span class='ocrx_word' id='word_1_242' title='bbox 2482 4712 2856 4789; x_wconf 65' lang='lat' dir='ltr'><strong>Macheldey</strong></span> <span class='ocrx_word' id='word_1_243' title='bbox 2895 4709 2960 4786; x_wconf 63' lang='lat'><strong>3.</strong></span> <span class='ocrx_word' id='word_1_244' title='bbox 3000 4707 3144 4770; x_wconf 74' lang='lat'><strong>166.</strong></span> <span class='ocrx_word' id='word_1_245' title='bbox 3240 4707 3446 4766; x_wconf 76' lang='lat' dir='ltr'><strong>valete</strong></span> <span class='ocrx_word' id='word_1_246' title='bbox 3483 4707 3701 4781; x_wconf 58' lang='lat' dir='ltr'><strong>spectet.</strong></span> 
     </span>
    </p>
   </div>
   <div class='ocr_carea' id='block_1_6' title="bbox 517 4818 3704 5007">
    <p class='ocr_par' dir='ltr' id='par_1_6' title="bbox 517 4818 3704 5007">
     <span class='ocr_line' id='line_1_21' title="bbox 652 4818 3704 4900; baseline -0.003 -16"><span class='ocrx_word' id='word_1_247' title='bbox 652 4822 830 4897; x_wconf 50' lang='lat' dir='ltr'><strong>etate.</strong></span> <span class='ocrx_word' id='word_1_248' title='bbox 872 4823 1016 4900; x_wconf 60' lang='grc' dir='ltr'><strong>Μὴ.</strong></span> <span class='ocrx_word' id='word_1_249' title='bbox 1043 4826 1093 4885; x_wconf 87' lang='lat'><strong>1.</strong></span> <span class='ocrx_word' id='word_1_250' title='bbox 1135 4823 1200 4900; x_wconf 64' lang='lat'><strong>3.</strong></span> <span class='ocrx_word' id='word_1_251' title='bbox 1231 4827 1291 4885; x_wconf 84' lang='grc'><strong>1.</strong></span> <span class='ocrx_word' id='word_1_252' title='bbox 1375 4824 1580 4886; x_wconf 66' lang='grc' dir='ltr'><strong>010οᾶ</strong></span> <span class='ocrx_word' id='word_1_253' title='bbox 1622 4822 1930 4890; x_wconf 61' lang='lat' dir='ltr'><strong>moment.</strong></span> <span class='ocrx_word' id='word_1_254' title='bbox 1970 4823 2236 4888; x_wconf 78' lang='lat' dir='ltr'><strong>xxm</strong></span> <span class='ocrx_word' id='word_1_255' title='bbox 2275 4822 2415 4884; x_wconf 79' lang='lat' dir='ltr'><strong>Not.</strong></span> <span class='ocrx_word' id='word_1_256' title='bbox 2453 4822 2554 4883; x_wconf 81' lang='grc'><strong>10.</strong></span> <span class='ocrx_word' id='word_1_257' title='bbox 2586 4837 2644 4896; x_wconf 88' lang='lat' dir='ltr'><strong>p.</strong></span> <span class='ocrx_word' id='word_1_258' title='bbox 2670 4818 2812 4881; x_wconf 74' lang='grc'><strong>876.</strong></span> <span class='ocrx_word' id='word_1_259' title='bbox 2894 4820 3250 4879; x_wconf 72' lang='grc' dir='ltr'><strong>ΜῦΙιΙσπῠν.</strong></span> <span class='ocrx_word' id='word_1_260' title='bbox 3291 4819 3478 4878; x_wconf 75' lang='lat' dir='ltr'><strong>doctr.</strong></span> <span class='ocrx_word' id='word_1_261' title='bbox 3511 4818 3704 4879; x_wconf 68' lang='lat' dir='ltr'><strong>Pand.</strong></span> 
     </span>
     <span class='ocr_line' id='line_1_22' title="bbox 517 4929 1275 5007; baseline 0.021 -26"><span class='ocrx_word' id='word_1_262' title='bbox 517 4972 526 4981; x_wconf 92' lang='lat'><strong>.</strong></span> <span class='ocrx_word' id='word_1_263' title='bbox 655 4932 796 4992; x_wconf 81' lang='lat' dir='ltr'><strong>Vol.</strong></span> <span class='ocrx_word' id='word_1_264' title='bbox 837 4930 918 4991; x_wconf 83' lang='grc' dir='ltr'><strong>Π.</strong></span> <span class='ocrx_word' id='word_1_265' title='bbox 959 4929 1027 5007; x_wconf 65' lang='lat'><strong>§-</strong></span> <span class='ocrx_word' id='word_1_266' title='bbox 1067 4931 1209 4995; x_wconf 64' lang='lat'><strong>832.</strong></span> <span class='ocrx_word' id='word_1_267' title='bbox 1269 4933 1275 4939; x_wconf 79' lang='grc'><em>“</em></span> 
     </span>
    </p>
   </div>
   <div class='ocr_carea' id='block_1_7' title="bbox 2859 5047 2895 5117">
    <p class='ocr_par' dir='ltr' id='par_1_7' title="bbox 2859 5047 2895 5117">
     <span class='ocr_line' id='line_1_23' title="bbox 2859 5047 2895 5117; baseline 0 0"><span class='ocrx_word' id='word_1_268' title='bbox 2859 5047 2895 5117; x_wconf 87' lang='lat'>1</span> 
     </span>
    </p>
   </div>
  </div>
 </body>
</html>
