4782 6002
1832 454 2330 526 -11-...

424 650 616 718 suut.
721 640 853 714 Fr.
899 643 945 714 7
995 648 1068 728 8.
1121 644 1166 713 2
1218 639 1320 720 de
1365 642 1596 718 u-ufr.
1650 647 1777 734 (7,
1828 648 1932 736 l).
2035 644 2296 722 Omlst.
2342 650 2390 719 7
2442 643 2636 721 God.
2668 644 2785 722 de
2834 645 3063 722 usust.
3116 653 3243 743 (3,
3284 654 3450 744 33).
3550 652 3724 732 flac

425 790 712 899 ratione
764 781 1213 884 explicanda
1262 793 1384 860 est
1432 808 1593 861 vox
1644 785 2118 878 ,‚modica“‚·
2153 786 2275 862 hic
2322 790 2510 864 enim
2565 795 2841 864 certam
2884 813 3225 864 summam
3266 796 3722 871 constituere

420 953 663 1027 noque
722 928 964 1005 voluit
1023 950 1268 1027 neque
1340 931 1579 1029 potuit
1639 930 1793 1005 lex.
1909 929 2035 1008 cf.
2102 929 2433 1026 glos-nm
2488 928 2591 1004 ad
2658 928 2728 1004 h.
2778 929 2831 1003 l.
2886 926 2989 1024 ¹⁵)
3112 929 3279 1009 Sed
3343 936 3723 1032 singulare

421 1070 763 1168 quiddam
813 1068 1040 1146 habet
1080 1073 1210 1168 jus
1241 1067 1451 1145 Rom.
1495 1072 1572 1144 in
1612 1068 1969 1146 aedificiis
2009 1066 2516 1145 aedificandis.
2617 1068 3063 1169 Quamquam
3112 1075 3304 1147 enim
3345 1073 3500 1150 fieri
3544 1085 3717 1175 pot»-

420 1222 578 1303 est,
646 1219 726 1285 ut
775 1210 1364 1286 usufructuarius
1414 1213 1527 1284 sui
1579 1217 1855 1284 tantum
1907 1205 2265 1286 commodi
2315 1233 2544 1285 causa
2593 1209 3003 1287 aedificium
3071 1219 3542 1296 exstruxisse
3594 1220 3717 1292 vi-

421 1352 686 1428 deatur
710 1404 731 1444 ‚
785 1360 1116 1426 remanet
1164 1358 1405 1425 tamen
1457 1347 1865 1426 aedificium
1917 1354 2413 1449 proprietario
2432 1406 2453 1444 ‚
2521 1362 2638 1428 est
2688 1377 2874 1452 ergo
2930 1356 3128 1454 quod
3177 1361 3715 1457 proprietarius

418 1498 785 1593 impensas
847 1494 1236 1583 restituat,
1304 1492 1433 1566 vel
1500 1514 1632 1566 eas
1697 1490 1858 1565 tolli
1926 1467 2341 1589 permittat,
2421 1493 3006 1571 usufructum-ius
3055 1501 3241 1573 enim
3293 1499 3536 1576 bonae
3586 1502 3710 1576 fid.

415 1656 810 1733 possessor
860 1639 1015 1724 est,
1067 1654 1309 1729 neque
1360 1653 1523 1706 eum
1574 1653 1674 1705 ex
1724 1629 1856 1705 illo
1907 1638 2282 1733 tempore,
2338 1660 2485 1732 quo
2534 1636 2946 1713 aedificium
2998 1641 3526 1718 exstruendum
3576 1666 3711 1719 cu-

416 1780 651 1870 ravit,
715 1778 790 1850 in
839 1776 1031 1850 malo
1081 1773 1232 1849 fide
1280 1777 1574 1850 versari
1627 1781 1891 1873 putare
1942 1797 2350 1873 possumus.
2471 1774 3050 1878 Proprietarium
3102 1781 3392 1880 quidem
3438 1795 3522 1858 ut
3572 1788 3709 1859 im-

417 1944 686 2021 pensas
739 1922 1080 1995 restituat
1128 1922 1300 2016 cogi
1351 1942 1499 1993 non
1547 1941 1776 2019 posse
1799 1972 1821 2011 ‚
1872 1916 2044 1993 luce
2097 1917 2369 1993 clarius
2422 1926 2585 2013 est,
2639 1922 2808 2017 quia
2857 1944 3069 2002 nemo
3118 1931 3204 1997 ut
3252 1932 3713 2002 contractum

415 2066 615 2136 ineat
666 2063 979 2158 cogitur.
1098 2055 1356 2134 Const.
1409 2055 1708 2133 50011.
1760 2057 1856 2133 de
1910 2055 2000 2131 Ο.
2054 2066 2133 2133 et
2181 2060 2280 2133 A.
2348 2063 2479 2153 (4,
2539 2064 2694 2152 10).
2816 2060 2982 2137 Sed
3044 2064 3420 2161 singulare
3489 2066 3705 2162 quid-

415 2204 580 2279 dam
628 2203 748 2280 hic
795 2201 1209 2278 introduxit
1250 2206 1380 2300 jus
1430 2201 1833 2277 Romanum
1850 2255 1872 2294 ‚
1925 2224 2090 2274 nam
2136 2221 2230 2274 ne
2271 2198 2432 2275 tolli
2481 2199 2770 2298 quidem
2815 2203 3181 2302 impensas
3227 2203 3349 2278 hic
3391 2207 3704 2303 permis-

412 2375 568 2424 smn
617 2354 782 2441 est,
855 2354 937 2421 ut
988 2353 1303 2446 apparet
1351 2368 1396 2421 e
1461 2344 1558 2419 fr.
1591 2349 1659 2417 ‘2
1727 2342 1823 2419 de
1889 2339 2168 2443 superf.
2235 2344 2414 2436 (43,
2473 2346 2607 2437 18)
2674 2342 2766 2418 fr.
2824 2347 2920 2418 23
2990 2345 3086 2420 de
3135 2345 3226 2420 Β.
3279 2345 3378 2423 V.
3431 2350 3560 2440 (6,
3620 2351 3747 2439 1)·

410 2490 502 2564 fr.
548 2493 648 2565 74
696 2488 793 2564 de
834 2488 928 2564 R.
969 2487 1051 2562 J.
1152 2486 1392 2586 Domo
1444 2494 1687 2561 autem
1739 2486 2020 2577 diruta,
2076 2486 2452 2581 quominus
2502 2488 2847 2560 materias
2898 2483 3271 2579 vindicet,
3323 2509 3473 2560 non
3520 2509 3703 2587 pro-

410 2630 704 2707 hibetur
755 2626 1361 2703 usufructuarius.
1463 2626 1596 2701 Fr.
1648 2627 1742 2699 15
1785 2651 1901 2726 pr.
1955 2626 2052 2701 de
2103 2625 2333 2700 usufr.
2387 2631 2512 2720 (⁷,
2564 2633 2646 2720 1)
2696 2626 2787 2708 fr.
2834 2632 2884 2702 '7
2928 2637 3004 2716 S.
3057 2631 3151 2702 10
3201 2625 3297 2704 de
3339 2651 3501 2728 aeq.
3546 2651 3697 2706 rer.

409 2773 596 2848 dom.
650 2775 827 2867 (41,
873 2777 985 2864 1).
1088 2769 1346 2848 Const.
1402 2775 1463 2842 ἓ
1502 2765 1692 2845 Cod.
1748 2769 1842 2844 de
1893 2769 1986 2843 R.
2039 2768 2139 2843 V.
2193 2772 2326 2862 (3,
2378 2773 2544 2862 32).

1949 2964 2020 3044 S.
2072 2959 2142 3030 8.

1267 3082 1278 3093 ’
1368 3082 1475 3174 3)
1575 3078 1676 3154 In
1723 3080 2067 3155 doctrina
2113 3082 2205 3156 de
2253 3081 2731 3180 mphyteusi.

605 3225 839 3316 Quum
879 3223 1355 3325 emphyteuta
1395 3246 1644 3299 omnes
1685 3221 2011 3316 fructus,
2065 3223 2448 3318 omniaque
2492 3217 2870 3296 commoda
2911 3224 3071 3320 agri
3114 3224 3511 3321 vectigalis
3555 3222 3695 3300 ha-

410 3367 615 3461 beat,
690 3375 763 3455 s.
816 3369 864 3440 3
914 3366 993 3441 J.
1048 3365 1144 3442 de
1198 3365 1342 3444 loc.
1395 3363 1608 3443 cond.
1662 3366 1790 3458 (3,
1831 3365 1968 3456 25]
2020 3362 2113 3436 fr.
2172 3365 2208 3435 1
2263 3385 2375 3461 pr.
2431 3369 2502 3448 S.
2562 3365 2598 3435 1
2654 3363 2721 3435 si
2770 3383 2956 3459 ager
3006 3370 3202 3437 vect.
3257 3367 3388 3456 (δ’,
3430 3366 3561 3455 3),
3615 3372 3692 3438 et

405 3480 923 3614 emphyteutae
965 3516 1095 3612 jus
1148 3513 1356 3609 quasi
1395 3510 1783 3585 dominium
1824 3505 2189 3607 quoddam
2223 3504 2658 3600 revocabile
2699 3508 2837 3597 sit,
2892 3508 3131 3581 omnia
3173 3528 3461 3603 quoque
3502 3528 3688 3582 one-

404 3678 528 3745 ra,
581 3676 830 3729 omues
885 3652 1218 3729 culturae
1270 3675 1593 3750 ususque
1639 3654 2009 3751 impensas
2050 3672 2215 3724 eum
2253 3652 2622 3724 sustinere
2667 3656 2989 3749 oportet.
3099 3645 3360 3724 Coust.
3405 3652 3451 3722 2
3492 3645 3686 3724 Cod.

383 3791 500 3869 -de
534 3795 709 3891 jure
752 3792 985 3891 emph.
1033 3796 1161 3888 (4,
1197 3797 1360 3888 66).
1463 3793 1622 3869 Eas
1670 3793 1887 3869 modo
1926 3797 2334 3893 impensas,
2389 3814 2581 3890 quae
2632 3815 2779 3867 non
2827 3795 2904 3870 in
2954 3799 3382 3869 contractus
3428 3800 3688 3867 natura

401 3932 821 4010 collocatae
871 3940 1041 4008 sunt
1065 3987 1088 4028 ,
1138 3942 1482 4036 repetere
1534 3957 1699 4013 eum
1737 3935 1935 4012 licet.
2036 3936 2246 4013 Nov.
2296 3939 2461 4010 120.
2515 3960 2582 4013 c.
2622 3908 2696 4011 ὲ.

1939 4129 2011 4210 s.
2078 4125 2152 4197 9.
3038 4204 3045 4213 ι
3136 4178 3139 4185 .

1143 4228 1254 4339 4)
1319 4243 1422 4321 122
1466 4245 1813 4323 doctrina
1859 4246 1952 4323 de
1999 4254 2394 4323 cmm-actu
2436 4249 2932 4348 mundatio.

595 4381 744 4458 Hic
806 4406 1096 4482 quoque
1161 4383 1407 4484 quoad
1459 4378 1836 4486 'impensas
1900 4384 2159 4464 valent
2222 4393 2585 4491 principia
2634 4366 2861 4491 supra
2910 4389 3193 4481 relata3
3265 4385 3684 4464 concedunt

396 4520 688 4623 quidem
726 4525 940 4626 leges
983 4527 1341 4604 creditori
1383 4531 1750 4607 actionem
1782 4532 2322 4631 pigneratitiam
2361 4533 2838 4624 contrariam,
2892 4537 2973 4604 ut
3008 4532 3379 4630 impensas
3410 4531 3487 4607 in
3527 4496 3680 4604 rem

393 4638 638 4744 &tas
677 4691 1140 4770 recuperare
1185 4677 1470 4773 possit,
1537 4695 1779 4773 neque
1825 4696 2020 4763 vero
2065 4678 2146 4751 in
2196 4677 2376 4776 ipsis
2423 4675 2770 4774 impensis
2819 4674 3265 4750 necessariis
3312 4675 3477 4749 sinc
3525 4671 3680 4747 ulla

395 4808 826 4925 limitatione
850 4867 876 4908 ,
945 4822 1032 4888 ut
1077 4815 1505 4918 plerumque
1556 4816 1833 4896 docent
1856 4872 1880 4911 ,
1957 4815 2097 4894 sed
2147 4826 2292 4893 tum
2357 4815 2592 4892 solum
2619 4868 2640 4908 ‚
2716 4817 2781 4890 si
2842 4813 3162 4892 debitori
3227 4837 3375 4890 non
3442 4814 3683 4891 omnia

517 5011 638 5091 ιε)
671 5016 909 5079 -F-ur
961 5020 1178 5082 naun.
1220 5023 1298 5082 aa
1331 5026 1417 5083 rr.
1457 5022 1515 5083 τ.
1555 5020 1622 5097 ς.
1662 5023 2079 5084 mne-um.
