4782 6002
739 781 1406 886 conjungebantur,
1457 780 1658 883 quod
1719 781 2270 859 seonrst‘udme
2335 778 2683 883 probatur
2745 779 3149 881 mineum
3202 779 3450 860 ⁶81).
3502 778 4163 877 tathetsoss.

738 922 972 1008 Instit.
1025 932 1100 1001 2.
1149 924 1272 1005 2⁰.
3780 986 3789 997 ,

945 1067 1186 1165 Hujus
1230 1012 1340 1139 rei
1392 1064 1732 1164 optimum
1774 1063 2251 1139 testimonium
2298 1059 2686 1163 praebent,
2764 1083 3177 1161 qna-quam
3238 1061 3382 1164 ipsi
3429 1059 3527 1138 ad
3581 1065 3717 1163 jus
3746 1064 4161 1146 Romam

739 1231 885 1286 nou
947 1209 1396 1309 respiciunt,
1465 1203 2090 1283 commentatores
2146 1204 2342 1302 juris
2408 1200 2720 1290 Gallici,
2804 1203 2973 1300 quis
3032 1209 3334 1279 naturae
3391 1204 3593 1303 juris
3648 1212 3727 1282 et
3798 1206 4159 1285 voluntati

613 1346 618 1355 '
739 1350 1112 1426 testatoris
1162 1349 1497 1422 insistunt
1542 1343 1980 1419 affirmantes
2002 1397 2026 1438 ,
2073 1341 2419 1421 heredem
2458 1346 2613 1444 jam
2663 1365 2766 1420 ex
2834 1341 3301 1444 disponentis
3340 1367 3481 1422 ore
3527 1353 3601 1421 et
3659 1346 3917 1425 verbis
3961 1373 4163 1429 suam

741 1495 1012 1565 certam
1060 1495 1137 1564 et
1182 1485 1588 1561 distinctam
1639 1482 1911 1560 luthere
1955 1490 2230 1584 partem
2278 1487 2433 1579 its,
2493 1491 2575 1560 nt
2638 1506 2803 1560 eum
2852 1487 3277 1582 conjunctio
3327 1483 3674 1584 quedam
3723 1508 3808 1562 re
3852 1494 3934 1564 et
3980 1510 4208 1566 vet--

741 1628 856 1706 bis
902 1650 1052 1705 non
1100 1634 1386 1722 exstet,
1435 1630 1502 1702 si
1546 1624 1687 1701 hae
1735 1625 2155 1702 indistincta
2198 1622 2544 1726 loquendi
2590 1626 2873 1700 ratione
2939 1626 3360 1724 conjunctio
3413 1623 3920 1725 legatariorum
3968 1628 4166 1706 effici

744 1769 1089 1865 deberet,
1137 1768 1283 1844 hoc
1331 1766 1506 1867 lege
1556 1766 1857 1866 quadam
1907 1770 2285 1869 expressis
2330 1764 2583 1844 verbis
2626 1764 2781 1840 lata
2838 1762 3283 1866 probandum
3333 1774 3561 1843 esset.
3662 1764 3877 1858 Quae
3926 1774 4165 1845 antem

739 1910 1078 2012 probatio
1130 1931 1418 2009 semper
1469 1911 1644 2008 jure
1691 1907 2027 1984 Romam
2089 1906 2367 2004 deerit,
2446 1929 2608 1983 eum
2676 1910 2934 1984 contra
2997 1903 3492 1983 Jmeaaianm
3555 1906 3799 2008 legem
3864 1907 4165 1987 Julius·

744 2054 1031 2128 omniuo
1085 2051 1351 2128 tollere
1399 2048 1742 2126 voluerit.

940 2192 1037 2270 11.
1134 2190 1262 2265 Au
1311 2188 1402 2264 ab
1452 2188 1845 2265 heredibus
1892 2210 1977 2266 re
2025 2191 2260 2265 solum
2308 2192 2357 2265 i.
2407 2211 2474 2265 e.
2535 2186 2945 2264 hereditate
3010 2191 3460 2290 conjunctis,
3530 2194 3654 2290 qui
3723 2213 3977 2268 omnes
4024 2191 4165 2271 he-

744 2330 946 2423 redis
990 2332 1432 2407 institutione
1477 2332 1794 2406 invicem
1838 2334 1987 2431 jam
2036 2336 2614 2432 conjunguntur,
2680 2327 2809 2403 alii
2856 2327 3171 2405 heredes
3219 2332 3613 2432 praecipue
3659 2354 3747 2408 re
3794 2339 3869 2409 et
3917 2332 4168 2410 verbis

747 2473 1125 2571 conjuncti
1174 2468 1715 2547 excluduntur?

946 2609 1153 2702 Quae
1199 2612 1362 2711 ipsa
1431 2614 1762 2709 quaestio
1828 2614 2286 2689 antinomiam
2354 2607 2703 2712 quandam
2774 2611 3132 2706 continet,
3209 2632 3443 2709 neque
3506 2619 3713 2688 recte
3785 2617 4166 2716 proposita

743 2750 1071 2844 videtur,
1127 2776 1333 2850 quam
1383 2774 1571 2828 vero
1624 2751 2086 2830 Goseheuius
2111 2753 2594 2829 nihilomiuus
2642 2749 2946 2825 affirmat
2965 2802 2988 2844 ‚
3058 2753 3224 2848 quia
3288 2771 3392 2826 ex
3456 2752 3803 2853 analogia
3867 2753 4165 2855 legato-

742 2914 894 2966 rum
942 2889 1021 2966 id
1068 2898 1441 2989 sequatur,
1495 2899 1568 2967 et
1609 2897 1737 2993 jus
1785 2891 2264 2969 accrescendi
2314 2890 2461 2968 hoe
2524 2891 2699 2968 loco
2751 2893 2852 2967 sit
2900 2896 3034 2997 jus
3099 2913 3243 2966 nou
3310 2889 3791 2970 decrescendi
3861 2903 3935 2971 et
4004 2918 4165 2972 cum

743 3034 817 3108 in
866 3032 1041 3132 lege
1085 3031 1312 3111 Julia
1360 3042 1437 3108 et
1482 3032 1738 3134 Papia
1803 3058 2089 3134 quoque
2137 3036 2307 3111 talis
2373 3035 2796 3134 conjunctio
2846 3038 3091 3134 potior
3137 3036 3275 3131 sit,
3329 3059 3532 3138 quam
3568 3040 3703 3137 jus
3746 3033 4166 3113 vindicandi

739 3173 925 3251 fisco
976 3194 1429 3252 concessum*-
1886 3147 1892 3158 ¹

946 3314 1227 3392 Contra
1273 3319 1475 3417 prius
1522 3335 1711 3391 vero
1764 3321 2259 3414 argumentum
2306 3318 2458 3415 jam
2513 3314 2972 3391 'rmum-nus
3025 3318 3293 3417 optime
3341 3315 3422 3393 id
3469 3319 3856 3421 exposuit,
3908 3338 4162 3394 omues

743 3453 1056 3532 heredes
1105 3455 1197 3531 ad
1248 3464 1466 3534 totam
1518 3453 1986 3532 hereditatem
2035 3457 2293 3532 vocari
2346 3478 2447 3532 ex
2498 3465 2752 3534 natura
2802 3461 3253 3552 testamenti,
3305 3459 3470 3557 quia
3518 3481 3732 3534 nemo
3764 3480 3904 3570 pro
3956 3466 4163 3557 parte
4270 3559 4287 3566 q

743 3603 1050 3673 testatus
1097 3619 1231 3697 pro
1280 3607 1487 3698 parte
1535 3600 1910 3673 intestatus
1961 3597 2314 3673 decedatz
2361 3599 2604 3698 itaque
2649 3608 3134 3699 argumentum
3186 3622 3284 3673 ex
3336 3599 3600 3693 legatis
3636 3596 4035 3671 desumtum
4068 3597 4163 3674 ad

744 3734 934 3813 hane
967 3759 1117 3813 rem
1163 3759 1311 3813 uon
1344 3745 1725 3839 spectaret
1758 3737 1953 3837 quod
1993 3761 2181 3815 vero
2219 3738 2317 3814 ad
2362 3738 2604 3840 legem
2637 3739 2935 3816 Iuliam
2972 3748 3049 3815 et
3077 3739 3404 3837 Papiam
3440 3734 3752 3833 adtinet,
3794 3737 4030 3815 omnia
4061 3761 4162 3815 ex

745 3901 841 3957 eo
877 3905 924 3955 a
953 3880 1379 3957 Gosehenio
1411 3879 1865 3977 derivantur,
1919 3881 2113 3982 quod
2145 3885 2216 3958 in
2268 3893 2370 3973 so
2399 3883 2471 3959 8.
2523 3881 2715 3980 legis
2743 3881 3003 3956 unicae
3043 3880 3497 3953 coustitutum
3526 3880 3662 3973 sit,
3691 3899 3920 3954 onera
3963 3901 4162 3955 sem-

743 4044 880 4124 per
914 4020 1006 4097 ab
1050 4043 1144 4098 eo
1187 4044 1358 4097 esse
1401 4020 1807 4118 solvenda,
1851 4025 1968 4120 qui
2020 4021 2293 4099 lucrum
2346 4023 2563 4122 capit,
2626 4020 2801 4096 Hoc
2838 4028 3075 4094 autem
3126 4016 3220 4092 ad
3270 4040 3362 4093 ea
3400 4037 3627 4093 onera
3675 4040 3823 4093 uon
3863 4016 4160 4120 trahenf

744 4328 890 4382 uon
939 4306 1019 4382 fit
1068 4312 1146 4381 et
1196 4307 1315 4405 qui
1365 4328 1527 4380 eum
1579 4304 1731 4380 alio
1781 4301 2053 4380 herede
2100 4306 2172 4377 iu
2222 4310 2430 4404 parte
2478 4299 2901 4377 hereditatis
2966 4307 3294 4399 tanquam
3364 4298 3606 4374 solida
3666 4321 3794 4395 re,
3842 4306 3923 4377 et
3969 4321 4150 4376 ver-

747 4445 858 4521 bis
904 4450 954 4522 i.
1005 4470 1074 4524 e.
1127 4450 1198 4523 iu
1248 4449 1500 4548 speeie
1548 4470 1695 4522 non
1746 4455 1861 4522 est
1908 4449 2363 4544 conjunctus.
2460 4444 2655 4520 Nam
2693 4448 2823 4544 jus
2869 4441 3349 4522 accrescendi
3397 4452 3474 4520 et
3521 4452 3776 4522 nostro
3825 4451 4154 4544 tempore

745 4584 951 4663 nullo
999 4587 1218 4663 modo
1271 4594 1386 4663 est
1426 4591 1556 4688 jus
1605 4585 2151 4664 substitutionis.

946 4727 1083 4803 111.
1184 4726 1609 4824 Quaeritur,
1679 4754 1771 4805 au
1836 4737 1922 4805 et.
1977 4725 2341 4828 quomodo
2408 4726 2985 4828 distinguendum
3060 4730 3197 4824 sit,
3278 4729 3344 4805 si
3390 4728 3659 4829 singuli
3719 4721 4033 4803 heredes
4083 4726 4155 4802 iu

749 4874 1286 4969 certaspartes
1338 4867 1466 4942 alii
1513 4890 1701 4947 vero
1759 4871 2685 4972 siuepnrt'einstitunntur.
