4782 6002
890 164 997 237 18

859 361 1125 429 Romae
1162 358 1441 451 largitio
1481 362 1788 449 grassata
1816 360 1920 422 est
1936 401 1957 440 ,
2007 372 2185 441 quae
2225 350 2491 420 tributa
2533 354 2890 421 tantum'e't
2915 350 3291 422 centuriata
3320 351 3605 421 comitia
3637 351 4000 426 obtineret.
4026 332 4246 430 -N‘ihit

860 476 1080 566 igitur
1111 480 1354 557 restat,
1391 471 1518 539 nisi
1559 479 1631 537 ut
1663 492 1750 539 ex
1768 468 2294 538 Atheniensium
2336 467 2663 536 institutis
2698 466 2885 534 hunc
2919 466 3262 556 pecuniae
3302 464 3720 534 dividendae
3751 491 4010 539 morem
4028 472 4244 542 Plau-

860 599 1009 659 tum
1031 588 1348 679 petiisse,
1399 584 1691 654 Athenis
1724 585 1844 652 illa
1892 584 2038 652 dici
2077 583 2376 652 voluisse
2409 590 2805 651 statuamus,
2853 581 3012 650 Illic
3060 583 3245 649 enim
3269 582 3364 653 τὸ
3399 584 3755 678 θεωρικὸν
3787 583 3998 671 illud,
4040 588 4242 674 quod

865 701 1264 786 dicebatur,
1314 702 1692 769 institutum
1752 709 1934 780 erat,
1988 708 2063 766 ut
2126 699 2316 768 cives
2368 697 2610 788 inopes
2654 697 2855 764 binos
2898 696 3141 764 obolos
3176 697 3288 764 vel
3333 696 3541 766 etiam
3575 697 3813 786 plures
3852 701 4240 792 acciperent

863 816 1147 908 publice
1173 816 1265 883 ad
1298 815 1499 882 ludos
1542 813 1996 884 celebrandos
2035 815 2324 901 diesque
2364 813 2577 881 festos
2609 811 2791 880 laete
2828 809 3219 892 obeundos3
3269 833 3473 900 quam
3511 812 3763 903 stipem
3800 835 3933 905 per
3965 810 4241 911 δήμους

866 931 1306 999 distributam
1339 953 1486 999 esse
1520 940 1757 1000 contra
1798 929 2267 1010 Boeckhium,
2319 927 2440 1014 qui
2471 926 2672 998 κατὰ
2710 925 2962 1028 φυλὰς
2994 925 3251 1013 factum
3299 947 3445 994 esse
3486 927 3703 995 voluit
3741 927 4241 1017 (Staatshaush.

868 1046 999 1114 der
1023 1047 1187 1114 Ath.
1229 1046 1314 1114 Τ.
1359 1046 1394 1113 1
1417 1091 1437 1125 ,
1485 1068 1552 1135 p.
1587 1043 1793 1133 237),
1846 1054 2033 1113 recte
2074 1042 2564 1112 demonstravit
2604 1041 2916 1109 Meierus
2955 1040 3099 1131 (de
3130 1040 3333 1109 bonis
3369 1040 3659 1110 damnat.
3693 1065 3759 1134 p.
3787 1041 3944 1133 79)
3982 1066 4070 1114 ex
4099 1045 4242 1113 De-

867 1161 1242 1230 mosthenis
1282 1161 1434 1228 loco
1472 1159 1982 1228 adv.Leochar.
2022 1182 2090 1249 p.
2113 1157 2326 1226 1⁰91.
2358 1155 2495 1226 25:
2543 1155 2668 1230 καὶ
2714 1156 2916 1247 μετὰ
2946 1162 3206 1227 ταῦτα
3251 1149 3377 1241 ἧκε
3408 1159 3957 1240 Παναθηναίων
3993 1155 4241 1233 ὄντων

867 1284 1018 1350 τῶν
1043 1279 1379 1371 μεγάλων
1429 1283 1520 1371 τῇ
1553 1266 1894 1348 διαδόσει
1925 1274 2110 1370 πρὸς
2144 1274 2238 1344 τὸ
2283 1272 2649 1371 θεωρικὸν
2694 1271 2821 1342 καὶ
2862 1268 3129 1342 ἔπειτα
3171 1273 3246 1342 οἱ
3279 1267 3508 1343 ἄλλοι
3544 1266 3879 1365 δημόται
3919 1272 4241 1368 ἐλάμβα-

750 1481 757 1492 ·
873 1415 1026 1466 vor.
1057 1391 1403 1483 Magister
1437 1391 1668 1458 curiae
1700 1390 1913 1481 igitur
1931 1388 2180 1456 Plauto
2215 1395 2317 1455 est
2347 1382 2768 1490 δήμαρχρςε
2804 1406 3025 1472 neque
3053 1384 3126 1451 in
3152 1405 3234 1451 eo
3272 1397 3390 1451 nos
3420 1383 3712 1455 haerere
3736 1396 4027 1478 oportet,
4049 1385 4238 1473 quod

875 1507 1157 1575 curiam
1204 1506 1381 1573 dixit
1408 1500 1686 1597 δῆμον,
1738 1505 1855 1591 qui
1896 1504 2181 1592 proprie
2212 1522 2465 1595 pagus
2496 1510 2709 1584 esset,
2759 1500 2846 1569 cl.
2882 1498 3112 1567 Meier
3148 1500 3191 1566 1.
3216 1499 3258 1567 l.
3303 1510 3371 1568 et
3391 1498 3806 1569 Grotefendi
3851 1500 4009 1570 diss.
4038 1520 4239 1590 prae-

873 1619 1016 1687 mio
1040 1631 1343 1687 ornatam
1384 1619 1476 1687 de
1511 1618 1733 1710 demis
1771 1619 2037 1687 Atticae
2074 1616 2426 1707 (Gotting.
2462 1611 2707 1703 1829)
2738 1636 2807 1704 p.
2845 1611 2978 1696 153
3030 1612 3292 1680 tribum
3337 1615 3519 1682 enim
3579 1638 3709 1684 non
3755 1617 4017 1706 potuit,
4067 1637 4241 1703 quae

879 1742 1024 1800 erat
1053 1735 1295 1835 φυλὴε
1335 1743 1541 1817 atque
1579 1731 1849 1799 omnino
1884 1731 2209 1797 vacillare
2242 1730 2432 1797 circa
2474 1726 2624 1820 ejus
2657 1729 2974 1797 vocabuli
3011 1729 3643 1818 interpretationem
3670 1741 3935 1799 veteres
3962 1729 4244 1798 Latinoe

874 1843 1230 1927 videmus,
1282 1842 1369 1910 cf.
1411 1863 1582 1932 quos
1626 1845 1863 1912 laudat
1900 1843 1975 1912 C.
2000 1843 2119 1914 Fr.
2154 1844 2583 1915 Hermannus
2612 1846 2901 1916 Griech.
2936 1847 3430 1930 Staatsalterth.
3469 1842 3537 1942 §.
3574 1846 3714 1914 111
3738 1898 3757 1932 ,
3813 1859 3945 1915 not.
3980 1843 4030 1915 5
4060 1856 4130 1914 et
4157 1844 4247 1924 ὃς

878 1959 1201 2026 Plautum
1238 1969 1511 2026 secutus
1557 1971 1657 2028 est
1697 1960 2187 2030 Schemannus,
2222 1962 2312 2032 de
2369 1960 2616 2031 Comit.
2632 1962 2881 2031 Athen.
2920 1986 2986 2053 p.
3015 1960 3179 2029 341.
3229 1962 3421 2047 Quae
3458 1983 3664 2048 quum
3695 1962 3788 2027 ita
3822 1962 3996 2047 siut,
4036 1982 4247 2051 pror-

861 2095 992 2144 ·sus
1016 2075 1342 2164 equidem
1385 2096 1542 2159 cum
1563 2073 1931 2170 Madvigio
1974 2078 2064 2167 (1.
2084 2079 2125 2144 Ι.
2143 2076 2413 2168 Ρ.134,
2466 2086 2600 2146 not.
2637 2077 2721 2167 3)
2757 2078 3097 2145 curiarum
3134 2076 3287 2145 illos
3322 2076 3681 2166 magistros
3704 2073 3969 2142 Atticos
3993 2098 4033 2143 e
4058 2075 4245 2141 civi-

879 2198 1020 2258 tate
1069 2189 1384 2258 Romana
1426 2191 1872 2279 expellendos
1918 2213 2167 2260 censeo
2192 2241 2212 2278 ,
2266 2215 2405 2280 quo
2456 2193 2612 2262 illos
2646 2191 2861 2262 invita
2906 2192 3228 2262 Minerva
3270 2189 3620 2260 Gruchius
3659 2190 3967 2272 intrusit3
4015 2211 4252 2278 neque·

881 2306 1099 2374 ullum
1136 2305 1364 2373 locum
1398 2306 1698 2396 proferri
1730 2327 1931 2395 posse
1973 2307 2279 2391 affirmo,
2330 2329 2471 2396 quo
2511 2308 2779 2399 publici
2817 2309 3119 2378 muneris
3155 2319 3224 2377 et
3260 2305 3613 2376 ministerii
3648 2305 4028 2394 quidquam
4061 2305 4250 2374 divi-

882 2420 1155 2489 floribus
1189 2420 1401 2490 fuisse
1444 2420 1861 2489 ostendatur.
1931 2419 2026 2489 Et
2068 2443 2206 2509 quo
2241 2431 2445 2511 pacto
2478 2423 2747 2513 publici
2801 2444 2950 2492 esse
2991 2432 3348 2515 poterant,
3398 2422 3650 2511 quibus
3688 2429 3758 2488 et
3794 2420 3964 2511 ipsis
4002 2428 4070 2489 et
4096 2422 4242 2510 qui

730 2586 739 2595 -
884 2558 1045 2605 cum
1089 2537 1229 2606 illis
1265 2538 1619 2628 negotium
1663 2536 2095 2622 habuissent,
2148 2536 2268 2604 ubi
2310 2536 2735 2628 deprehensi
2782 2548 2851 2607 et
2892 2538 3189 2608 convicti
3221 2546 3484 2624 essent,
3531 2535 3953 2606 atrocissima
3974 2536 4248 2628 judicia

882 2652 1161 2745 legibus
1200 2648 1802 2743 proponerentur?
1852 2651 2100 2720 Cicero
2139 2673 2271 2741 pro
2301 2651 2602 2720 Murena
2640 2673 2698 2721 c.
2736 2650 2869 2720 26:
2920 2653 3088 2735 „De
3128 2652 3501 2721 divisorum
3543 2652 3821 2722 indiciis
3867 2661 3936 2721 et
3981 2652 4070 2719 de
4113 2652 4242 2718 de-

883 2765 1244 2855 prehensis
1274 2765 1586 2853 pecuniis
1623 2765 2057 2851 respondebo
2075 2761 2132 2844 ”3
2183 2784 2312 2855 pro
2349 2765 2638 2834 Plancio
2677 2765 2893 2835 <2232
2947 2767 3249 2856 „Neque
3298 2770 3475 2835 enim
3534 2769 3654 2857 qui
3703 2768 3807 2834 illi
3850 2765 4031 2834 numi
4083 2763 4241 2834 fue·

884 2879 1060 2964 rint,
1097 2878 1222 2947 nec
1254 2901 1431 2967 quae
1471 2878 1722 2964 tribue,
1770 2900 1894 2946 nec
1936 2881 2056 2969 qui
2093 2880 2396 2964 divisor,
2438 2883 2778 2966 ostendis;
2809 2889 3013 2971 atque
3050 2884 3108 2950 is
3146 2883 3432 2971 quidem
3466 2883 3753 2952 eductus
3785 2882 3871 2949 ad
3898 2878 4245 2965 Consules,

885 2994 1007 3084 qui
1045 3004 1189 3062 tum
1224 2995 1293 3064 in
1329 2995 1587 3065 crimen
1626 2995 2020 3081 vocabatur,
2051 3017 2126 3065 se
2159 2997 2393 3086 inique
2428 3021 2467 3065 a
2502 2999 2637 3067 tuis
2663 2997 2996 3090 jactatum
3023 2998 3331 3091 graviter
3363 2997 3816 3086 querebatur3
3855 2996 3975 3085 qui
4007 2995 4067 3065 si
4103 3000 4247 3064 erat

890 3109 1187 3196 divisor,
1237 3111 1645 3202 praesertim
1688 3111 1877 3202 eiua,
1926 3133 2131 3200 quem
2177 3120 2251 3179 tu
2284 3111 2593 3181 habebas
2638 3134 2870 3198 reum,
2920 3134 3044 3181 cur
3081 3136 3121 3180 a
3157 3124 3226 3181 te
3263 3135 3420 3181 reus
3472 3135 3608 3181 non
3653 3123 3757 3181 est
3795 3113 4017 3179 factus
4036 3108 4091 3177 2.
4120 3130 4246 3178 cur

889 3246 1023 3292 non
1072 3223 1222 3315 ejus
1257 3227 1693 3295 damnatione
1734 3226 2007 3314 aliquid·
2046 3225 2135 3293 ad
2188 3226 2326 3295 boc
2362 3225 2715 3316 judicium
2755 3227 3169 3319 praejudicii
3216 3222 3726 3319 comparasti8'’
3773 3226 3971 3292 Anno
4017 3233 4248 3292 autem

886 3337 1074 3424 692,
1123 3359 1334 3426 quum
1369 3340 1622 3408 Consul
1660 3342 1810 3431 ipse
1835 3341 1999 3409 Piso
2041 3342 2398 3435 negotium
2437 3346 2816 3434 suscepisse
2847 3344 3199 3413 diceretur
3229 3354 3297 3413 et
3339 3344 3523 3412 domi
3553 3363 3711 3410 suae
3748 3339 4087 3410 divisores
4120 3339 4245 3405 ba-

888 3454 1093 3541 bere,
1144 3452 1327 3523 scta
1372 3454 1551 3521 facta
1587 3465 1779 3539 sunt,
1832 3455 2165 3525 Cicerone
2198 3464 2375 3525 teste
2422 3458 2674 3548 (Epist.
2709 3460 2801 3527 ad
2838 3459 2971 3530 Διί.
3014 3457 3065 3525 1.
3106 3456 3221 3526 16.
3249 3458 3365 3547 7),
3418 3458 3591 3525 duo:
3641 3477 3915 3537 „unum
3952 3464 4029 3524 ut
4059 3453 4247 3544 apud

888 3570 1328 3662 magistratus
1384 3569 1640 3657 inquiri
1689 3570 1971 3653 liceret3
2015 3573 2347 3659 alterum,
2400 3571 2600 3663 cujus
2663 3571 2850 3641 domi
2905 3574 3239 3642 divisores
3299 3572 3672 3657 haberent,
3723 3570 4052 3639 adversus
4101 3591 4247 3636 rem

890 3683 1311 3777 publicam”.
1365 3688 1469 3755 Ita
1513 3684 1693 3754 enim
1729 3686 1828 3752 ibi
1871 3687 2245 3776 legendum
2286 3697 2427 3769 est;
2479 3688 2669 3776 quod
2713 3686 2986 3756 Ernesti
3034 3689 3429 3779 proposuit:
3481 3686 3702 3776 utqui
3735 3722 3835 3738 —-
3863 3685 4193 3753 haberent
4218 3726 4245 3763 ‚

892 3826 1024 3870 non
1065 3803 1556 3885 necessarium3
1608 3799 1885 3869 habere
1941 3801 2118 3868 enim
2150 3823 2282 3891 pro
2317 3801 2659 3870 habitare
2696 3802 2957 3869 dictum
2997 3812 3136 3889 est,
3186 3816 3261 3872 ut
3308 3826 3441 3872 non
3477 3801 3685 3870 modo
3714 3799 3898 3891 apud
3923 3800 4252 3866 Plautum

891 3916 1177 4007 ejusque
1210 3918 1566 4004 aequales,
1616 3937 1855 3984 verum
1896 3916 2108 3983 etiam
2156 3917 2342 4007 apud
2375 3917 2782 3987 Ciceronem
2815 3918 3108 4009 legitur,
3157 3943 3220 3987 v.
3251 3941 3309 3991 c.
3345 3940 3476 4010 pro
3515 3918 3717 3987 Rosc.
3751 3916 3970 3982 Amer.
4001 3932 4059 3980 c.
4099 3906 4247 3978 46:

895 4033 1074 4117 „qui
1111 4033 1179 4099 in
1214 4031 1604 4100 Sallentinis
1638 4041 1756 4099 aut
1794 4031 2084 4101 Bruttiis
2128 4026 2437 4101 habent''
2474 4041 2604 4102 etc.
2652 4033 2894 4118 Qualis
2923 4045 3146 4102 tamen
3173 4026 3396 4125 poena
3426 4032 3835 4102 divisoribus
3872 4026 4250 4097 constituta

893 4142 1128 4228 fuerit,
1162 4146 1591 4237 ignoramus;
1621 4148 1919 4215 ambitus
1950 4147 2233 4234 quidem
2270 4147 2607 4215 damnatis
2637 4167 2846 4238 quum
2870 4172 2954 4219 ex
2978 4150 3138 4241 lege
3156 4148 3528 4241 Calpurnia
3552 4156 4034 4241 praeterquam
4060 4141 4244 4233 quod

895 4260 1187 4348 pecunia
1215 4262 1738 4349 mulctarentur,
1775 4285 1998 4352 neque
2040 4262 2478 4355 magistratus
2510 4284 2759 4356 capere
2800 4286 3020 4352 neque
3050 4264 3123 4331 in
3158 4275 3467 4349 senatum
3510 4263 3650 4355 legi
3688 4261 3965 4347 liceret,
4009 4250 4242 4328 Tullia

897 4376 1010 4439 vel
1039 4375 1319 4444 exilium
1356 4377 1868 4475 proponelfatur
1916 4370 2052 4468 (cf.
2087 4376 2233 4447 Cic.
2280 4401 2412 4469 pro
2448 4379 2733 4447 Plancio
2777 4399 2835 4446 c.
2876 4377 3010 4466 34,
3059 4401 3190 4469 pro
3226 4376 3523 4446 Muren'a
3554 4398 3615 4447 c.
3656 4376 3843 4468 41),
3890 4376 4005 4443 cui
4031 4369 4246 4439 metui

902 4505 1063 4567 mox
1082 4488 1394 4559 Aufidius
1409 4489 1639 4559 Lurco
1674 4491 1850 4558 illud
1879 4512 2155 4582 quoque
2193 4493 2489 4585 adjecit,
2540 4502 2636 4578 ut,
2672 4494 2731 4560 si
2767 4494 2922 4582 quis
2945 4513 3180 4561 numos
3219 4492 3288 4559 in
3327 4491 3550 4561 tribus
3574 4490 4076 4582 pronunciasset
4112 4505 4250 4554 nec

897 4597 1231 4680 dedisset,
1263 4606 1489 4686 quoad
1521 4606 1819 4691 viveret,
1861 4606 2157 4702 singulis·
2180 4608 2499 4677 tribubus
2529 4609 2601 4678 H
2633 4608 2684 4677 S
2718 4630 2828 4677 cm
2858 4630 2967 4676 cro
2999 4628 3107 4675 clo
3135 4606 3421 4675 deberet
3445 4606 3622 4697 (Cic.
3642 4606 3737 4672 ad
3758 4610 3894 4675 Att.
3912 4602 3965 4670 1.
3986 4595 4247 4693 16503

897 4715 1021 4783 sed
1062 4734 1277 4801 quum
1316 4713 1425 4782 vel
1452 4716 1663 4806 hujus
1707 4721 2012 4790 criminis
2057 4733 2197 4791 tam
2243 4746 2399 4792 raro
2439 4724 2878 4793 condemnari
2910 4721 3222 4791 homines
3248 4723 3317 4790 in
3341 4720 3857 4811 corruptissima
3890 4716 4246 4812 republica
