4782 6002
817 749 880 821 8

816 951 934 1023 vir
990 947 1114 1021 ille
1170 947 1440 1041 bonus,
1492 949 1764 1021 furtum
1802 971 1932 1049 per
1982 951 2032 1021 Ι.
2086 949 2254 1023 et·¹l.
2288 952 2733 1047 conceptum
2769 949 2862 1021 -id
2909 949 3183 1041 fuisse,
3239 949 3495 1047 „quod
3527 951 3899 1049 religionis
3935 955 4225 1031 obtentu

814 1093 1284 1189 impostores,
1372 1091 1546 1165 licio
1618 1093 1968 1164 succincti
2008 1093 2257 1185 'quasi
2314 1089 2741 1179 sacrificuli,
2825 1097 2899 1163 et
2963 1089 3241 1165 lancem
3311 1091 3407 1165 ad
3469 1093 3940 1191 colligendas
3999 1101 4227 1197 stipes

816 1231 1446 1321 circumferentes,
1536 1227 2106 1323 committerent,
2190 1251 2423 1325 eaque
2485 1229 2715 1323 furta,
2801 1233 2965 1327 quia
3029 1233 3449 1329 sacrilegio·
3493 1233 3803 1309 fuissent
3843 1241 4219 1335 ¹proxima,

810 1371 1020 1445 furtis
1086 1371 1484 1445 manifestis
1564 1373 2049 1469 aequiparata
2090 1375 2338 1445 esse.“
2485 1369 2673 1459 Quid
2745 1369 3201 1445 mehercules
3279 1377 3655 1473 jejunius,
3759 1375 3929 1471 quid
3991 1381 4221 1473 magis

812 1509 1150 1585 absonum
1222 1515 1632 1607 excogitari
1708 1519 1949 1609 potest
2018 1509 2254 1585 hocce
2320 1509 2549 1581 Tun
2629 1511 3089 1585 commento?
3123 1517 3233 1605 23)
3335 1513 3693 1615 Ejusdem
3743 1517 3899 1591 fere
3949 1517 4219 1595 farinae

810 1663 926 1729 est
974 1657 1402 1749 conjectura
1454 1651 1774 1743 Kocnn,
1842 1649 2214 1745 Theologi
2266 1647 2911 1741 Helmstadiensis,
2951 1657 3063 1743 24)
3131 1655 3653 1747 existimantis,
3720 1657 3999 1735 lancem
4049 1679 4215 1733 esse

810 1801 1146 1867 stateram
1198 1815 1258 1865 s.
1308 1791 1602 1883 libram,
1656 1791 1894 1863 licium
1946 1789 2334 1871 funiculum
2390 1813 2593 1881 ffise,
2675 1813 2817 1887 quo
2869 1791 3173 1865 Romani
3227 1793 3321 1865 ad
3375 1819 3495 1869 res
3549 1797 4055 1871 mensurandae
4107 1803 4217 1874 usi

806 1937 988 2027 sint,
1080 1933 1338 2005 furtum
1406 1935 1624 2027 igitur
1690 1953 1822 2029 per
1872 1931 1920 2001 1.
1976 1939 2048 2003 et
2100 1931 2144 2002 l.
2198 1937 2623 2027 conceptum
2677 1931 2853 2005 illud
2919 1933 3085 2005 furti
3139 1956 3371 2029 genus
3423 1959 3631 2029 esse,
3711 1937 3977 2033 „quod
4027 1937 4211 2015 falsa

806 2083 1072 2147 statera
1138 2073 1428 2145 falsave
1500 2095 1826 2145 mensura
1878 2095 1920 2141 a
1972 2069 2491 2143 mercatoribus
2553 2075 2997 2147 commissum
3051 2079 3227 2153 sim
3331 2077 3621 2151 Utinam
3675 2075 3745 2149 hi
3797 2079 3935 2151 viri
3989 2075 4209 2169 docti,

806 2215 1096 2289 Tssms
1132 2215 1472 2287 Kocnms
1512 2237 1652 2311 que
1705 2215 2108 2311 priusquam
2162 2213 2256 2285 de
2306 2213 2495 2285 furto
2547 2237 2678 2311 per
2729 2213 2773 2286 Ι.
2827 2225 2899 2287 et
2951 2217 2997 2293 l.
3049 2215 3413 2289 disserere
3467 2219 4049 2311 constituissent,
4097 2215 4209 2291 di-

806 2353 1201 2447 dicissent,
1274 2353 1442 2453 quid
1496 2353 1752 2427 furtum
1802 2359 1932 2447 sit,
2004 2363 2076 2429 et
2144 2351 2507 2449 quomodo
2561 2351 2841 2425 differat
2891 2379 2935 2425 a
2987 2359 3253 2427 ceteris
3323 2357 3769 2431 criminibus!
3825 2401 3921 2419 --
4025 2355 4207 2445 Quid

804 2497 1114 2595 denique
1168 2495 1544 2571 dicendum
1600 2495 1694 2569 de
1744 2499 1958 2593 nugis
2012 2495 2521 2569 Onnsssnonpn
2573 2501 2643 2567 et
2697 2493 3073 2569 Conasn‘?
3177 2495 3491 2583 Quorum
3545 2499 3743 2595 prior
3775 2503 3887 2589 2⁵]
3957 2490 4205 2571 furtum

802 2665 934 2741 per
982 2641 1032 2713 1.
1086 2649 1162 2713 et
1212 2641 1260 2713 l.
1314 2649 1740 2737 conceptum
1792 2647 1962 2711 tunc
2012 2639 2320 2735 accipit,
2401 2637 2467 2709 si
2519 2635 2758 2725 fures,
2813 2644 2887 2707 ut
2937 2635 3193 2709 furtum
3247 2641 3467 2709 tutius
3521 2635 3987 2735 expedirent,
4065 2659 4203 2711 nou

800 2791 1054 2885 aperta
1104 2783 1304 2857 facie
1356 2781 1634 2853 domum
1688 2783 2116 2869 intrassent,
2172 2777 2306 2851 sed
2358 2777 2533 2849 licio
2585 2803 2645 2855 s.
2701 2775 2823 2847 filo
2881 2779 3145 2865 cincti,
3201 2777 3619 2873 lancemque
3671 2775 3951 2851 duobus
4001 2777 4199 2851 fora-

802 2925 1102 2999 minibus
1170 2929 1478 3022 aptatam
1544 2927 1714 2993 ante
1780 2917 2042 2993 oculos
2110 2925 2475 3008 tenenteS,
2563 2925 2639 2989 ut
2691 2917 2999 2989 feminae
3046 2915 3553 2991 forteobviae
3605 2927 4041 2993 terrerentur
4087 2917 4201 2989 fu-

802 3072 1222 3164 gerentque,
1341 3062 1720 3134 Posterior
1762 3066 1872 3152 2θ]
1942 3068 2218 3150 autem,
2308 3060 2425 3132 vir
2493 3056 2677 3130 alias
2745 3058 2933 3130 haud
3015 3058 3349 3132 indoctus
3417 3066 3489 3132 et
3557 3056 3651 3132 de
3721 3068 3973 3134 nostro
4029 3062 4201 3156 jure

798 3206 1004 3282 civili
1058 3206 1324 3304 optime
1376 3204 1704 3294 meritus,
1758 3200 1958 3274 fures
2006 3202 2300 3298 saepius
2350 3197 2645 3276 fraudes
2681 3202 2995 3296 magicas
3031 3198 3449 3272 adhibuisse
3481 3208 3835 3294 autumat,
3887 3198 4195 3298 indeque

800 3520 900 3578 lib.
944 3522 1024 3576 11.
1068 3522 1296 3590 Θεοῖς.

1456 3596 1626 3668 „Hic
1674 3596 1901 3668 laticis,
1944 3596 2184 3668 qualem
2230 3594 2455 3666 pateris
2497 3592 2755 3652 libamus
2797 3600 2857 3650 et
2905 3610 3053 3650 auro

1464 3698 1908 3770 „Lancibus
1956 3706 2018 3754 et
2060 3698 2270 3770 pandis
2310 3700 2601 3770 spirantia
2647 3698 2953 3756 reddimus
2996 3692 3197 3754 exta.“

956 3840 1082 3912 23)
1126 3842 1412 3898 Attamen
1452 3852 1566 3894 nec
1608 3836 1780 3894 Tatio
1826 3836 2024 3892 defuit
2066 3835 2350 3912 adsecla,
2417 3852 2551 3892 cum
2599 3840 2965 3894 Eunomus
3011 3838 3069 3892 in
3127 3838 3367 3906 prima
3409 3836 3535 3906 leg.
3579 3836 3703 3892 ΧΠ
3731 3832 3889 3894 tabb.
3940 3831 4197 3892 editione

788 3948 978 4006 Basil.
1024 3946 1216 4004 1550
1262 3950 1324 4002 et
1366 3944 1425 4000 in
1468 3958 1672 4000 comm.
1712 3942 1788 3998 ad
1836 3942 1892 4010 ᾗ.
1938 3942 2000 3998 4.
2046 3944 2096 3998 J.
2144 3942 2218 3997 de
2262 3940 2378 3998 obl.
2435 3956 2593 4012 quae
2635 3956 2711 3996 ex
2757 3940 2915 4010 del„
2991 3942 3145 3996 hane
3197 3940 3511 3996 ridiculam
3555 3942 3913 3996 sententiam
3951 3940 4199 4012 adopt·-

794 4054 974 4110 verit.
1064 4054 1160 4110 cf.
1204 4058 1400 4108 tamen
1444 4052 1604 4106 infra
1650 4056 1768 4106 not.
1814 4048 1932 4104 35.

954 4182 1086 4250 24)
1128 4184 1322 4240 Coss.
1372 4185 1591 4238 [ωιτη.
1640 4182 1852 4252 Kocn,
1896 4177 2196 4251 Theologi
2246 4174 2577 4232 Helmstad.
2623 4174 2817 4246 disqu.
2861 4174 3259 4244 conjectural.
3307 4190 3427 4246 qua
3467 4176 3569 4230 lex
3623 4176 3827 4232 [Nm
3855 4172 3987 4240 (H)
4041 4170 4195 4228 duo-

792 4284 984 4341 decim
1030 4286 1292 4340 tabular.
1344 4286 1419 4340 de
1464 4288 1628 4342 furto
1672 4300 1780 4356 per
1820 4286 1862 4340 1.
1906 4288 1966 4340 et
2006 4284 2072 4356 l,
2098 4288 2386 4368 concepto
2431 4276 2801 4352 explicatur,
2863 4296 2899 4336 a
2943 4278 3377 4350 depravatione
3419 4276 3769 4334 Triboniani
3825 4284 3885 4334 et
3918 4280 4192 4347 ceterum

790 4390 1184 4460 interpretum
1246 4388 1626 4462 vindicatur,
1694 4388 1888 4462 legib,
1950 4376 2174 4446 diffinis
2242 4392 2573 4446 confertur.
2625 4384 3135 4446 'Helmsh'1721
3209 4390 3468 4454 (iterum
3537 4386 3699 4442 edita
3761 4386 3821 4442 in
3887 4386 4191 4462 Est-nuns-

786 4492 1038 4564 jurispr.
1084 4500 1204 4548 aut.
1248 4498 1386 4548 tom.
1430 4496 1510 4550 ΙΙ.
1566 4510 1618 4564 p.
1670 4494 1808 4548 195
1854 4490 2036 4566 sqq.).

950 4608 1082 4682 25)
1130 4614 1534 4668 omnesones.
1574 4628 1780 4668 comm.
1824 4614 1896 4668 ad
1942 4616 2070 4684 leg.
2114 4614 2238 4670 ΧΠ
2282 4610 2575 4688 tabular.;
2621 4616 2679 4672 in
2729 4612 3075 4684 ejusdem
3119 4627 3253 4668 var.
3303 4608 3609 4668 lectionib.
3647 4610 3773 4679 jur.
3821 4624 3881 4680 p.
3909 4608 4049 4666 14⁷
4071 4622 4191 4680 sqq-

950 4714 1084 4786 26)
1130 4718 1359 4773 conss.
1404 4716 1660 4776 miscell.
1716 4714 1836 4784 jur.
1892 4692 2058 4774 eisin.
2124 4718 2228 4776 lib.
2272 4720 2449 4800 vill.
2505 4736 2561 4782 c.
2607 4720 2649 4774 3
2721 4712 2817 4790 (in
2863 4712 3125 4792 Ejusd.
3175 4732 3307 4788 opp.
3391 4712 3619 4772 witeb.
3669 4712 3885 4772 1603.
3945 4716 4079 4770 tom.
4103 4712 4197 4790 ιΠ.

793 4836 848 4890 p.
896 4820 1094 4886 744).
1178 4818 1444 4876 Eandem
1488 4824 1620 4876 fere
1664 4822 2022 4878 sententiam
2066 4822 2407 4880 defendunt
2451 4824 2797 4882 Baomms.
2849 4822 2955 4882 lib.
2999 4822 3075 4878 X.
3119 4822 3351 4894 antiqu.
3397 4820 3537 4876 lect.
3583 4832 3637 4876 e.
3685 4818 3751 4880 6.
3809 4820 3871 4874 ut
3911 4816 4185 4886 monn.

792 4924 850 4978 in
892 4924 1242 4996 Etymolog.
1286 4940 1340 4982 s.
1390 4938 1448 4980 v.
1494 4924 1680 4980 Licin.
