4782 6002
4008 596 4093 670 a

851 785 942 882 Β)
994 783 1253 886 Magni
1303 785 1637 861 momenti
1687 790 1856 861 sunt
1909 784 2475 861 constitutiones
2521 782 2621 861 de
2672 783 2928 882 bonis,
3007 808 3193 885 quae
3233 787 3691 863 extrinsecus
3731 787 3828 863 a'd
3889 789 4083 867 filios

655 927 1073 1019 familiarum
1127 928 1431 1004 veniunt
1498 931 1574 1002 et
1631 923 1730 1002 de
1771 923 2174 1002 hereditate
2226 923 2691 1000 filiofamilias
2744 924 2988 1003 delata
3046 927 3096 1001 l.
3145 925 3216 1009 6.
3266 926 3341 1002 8.
3393 924 3587 1004 Ood.
3630 926 3702 1003 6.
3757 927 3852 1004 ol
3892 934 3986 1025 1).

817 1067 1085 1145 -Liber
1157 1069 1509 1168 septimus
1569 1087 1665 1140 eo
1741 1064 2030 1164 quidem
2091 1064 2403 1140 consilio
2467 1069 2927 1170 conscriptus
2986 1068 3322 1164 videtur,
3402 1075 3479 1145 ut
3554 1072 3833 1166 omnia,
3904 1093 4087 1169 quae

651 1215 803 1310 jam
844 1218 1015 1285 ante
1056 1207 1584 1284 Justim‘mm
1643 1205 1988 1285 obsoleta
2036 1211 2282 1300 erant,
2333 1210 2537 1305 quasi
2595 1230 2740 1284 una
2779 1229 2979 1285 voce
3026 1216 3574 1285 removerentur
3620 1217 3696 1286 et
3735 1210 4087 1289 collectio

652 1353 850 1452 juris
890 1353 1049 1451 ipsa
1087 1348 1292 1423 firmo
1347 1355 1422 1423 et
1455 1369 1670 1423 novo
1703 1344 2164 1423 fundamento
2198 1348 2565 1424 insisteret
2607 1351 2751 1443 (tit.
2804 1347 2876 1423 1.
2927 1374 3154 1449 usque
3194 1349 3290 1426 ad
3335 1349 3495 1446 26.)
3547 1373 3615 1436 e.
3662 1373 3735 1450 g.
3784 1354 3895 1429 tit.
3975 1351 4075 1431 de

657 1494 829 1590 jure
879 1491 1168 1588 antiquo
1221 1487 1633 1585 Quiritium,
1696 1486 1791 1564 de
1847 1486 2066 1563 rebus
2116 1490 2424 1591 mancipi
2475 1494 2549 1565 et
2605 1511 2746 1567 nec
2803 1492 3145 1593 mancipi,
3212 1500 3289 1567 et
3335 1514 3521 1590 quae
3569 1499 3737 1583 sunt
3790 1493 4085 1593 reliqua.

857 1630 1476 1727 Pragmticorum
1526 1625 1836 1705 studium
1887 1634 2087 1705 tenet

743 1820 748 1825 -
863 1769 954 1866 1)
1009 1760 1438 1845 constitutio
1481 1766 1578 1844 de
1615 1769 2062 1869 usucapione
2104 1767 2721 1864 transformanda,
2754 1769 2924 1846 fons
2961 1768 3363 1846 uberrimae
3409 1762 3961 1851 coutroversiae
3982 1779 4082 1869 ²),
4207 1812 4227 1829 =

866 1916 954 2009 2)
1016 1910 1495 2013 praescriptio
1564 1907 1858 1985 dominii
1938 1914 2014 1984 et
2069 1909 2337 2008 jurium
2380 1915 2452 2004 ³)
2481 1964 2504 2005 ,
2602 1912 3027 2012 praesertim
3088 1908 3446 1987 libertatis
3516 1895 4099 2013 hypothecarum⁵

678 2060 752 2133 et
823 2054 1272 2137 servitutum.
1370 2050 1866 2151 praescriptio
1914 2047 2086 2125 olim
2143 2048 2278 2124 fuit
2333 2054 2679 2153 exceptio
2731 2053 2916 2127 etin
2960 2048 3401 2152 hypothecis
3460 2059 3717 2129 contra
3758 2053 4083 2131 credito-

664 2216 812 2287 res.
912 2192 1098 2270 Cum
1141 2213 1332 2269 vero
1384 2192 1864 2294 praescriptio
1915 2191 1987 2267 in
2045 2188 2253 2289 longi
2311 2194 2657 2293 temporis
2711 2195 3254 2293 possessionem
3306 2199 3888 2291 commutaretur,
3952 2206 4083 2272 a'c-

666 2338 1071 2436 tionemque
1129 2303 1372 2431 flaret,
1427 2335 1911 2437 praescriptio
1989 2341 2230 2411 tamen
2289 2330 2756 2434 hypothecae
2824 2339 3082 2410 contra
3141 2330 3547 2411 creditores
3602 2354 3893 2436 semper
3961 2356 4085 2412 re-

667 2481 926 2555 mansit
980 2477 1352 2578 exceptio.
3366 2526 3373 2533 ·

862 2617 951 2714 3)
1002 2617 1370 2693 Judicium
1423 2616 1586 2692 tulit
1616 2616 2018 2718 Imperator
2065 2613 2161 2691 de
2208 2635 2340 2707 eo,
2402 2636 2537 2715 per
2586 2633 2790 2711 quem
2851 2611 3399 2714 possidebatur,
3468 2616 3534 2689 si
3595 2612 3716 2688 hic
3778 2634 4086 2715 posses-

671 2761 949 2837 sionem
1006 2757 1511 2856 dereliquisset
1585 2800 1688 2818 —
1755 2778 1941 2854 quae
1994 2778 2120 2831 res
2155 2756 2411 2831 iterum
2465 2774 2691 2828 causa
2730 2774 3036 2850 magnae
3094 2753 3647 2831 controversiae
3693 2755 3975 2829 exstitit
3996 2759 4091 2849 ⁴).

863 2899 953 2995 4)
1011 2900 1343 2997 Denique
1404 2897 1682 2999 profert
1754 2894 2246 2973 Just-‘uiuum
2306 2897 2505 2975 illam
2567 2898 3105 2979 celeberrimam
3160 2899 3402 2999 legem
3439 2905 3508 2995 ⁵)
3530 2953 3552 2995 ,
3628 2924 3769 3000 qua
3829 2908 4083 2997 cavet,

668 3063 761 3119 ne
807 3039 922 3137 id,
980 3038 1177 3140 quod
1222 3044 1565 3134 interest,
1626 3039 1699 3116 in
1745 3037 2036 3118 casibus
2082 3040 2304 3116 certis
2349 3038 2643 3143 duplum
2690 3040 3063 3118 excedere
3106 3042 3412 3138 debeat,
3474 3046 3549 3118 in
3609 3043 3761 3118 illis
3811 3054 4089 3140 autem,

672 3186 792 3283 qui
826 3185 1083 3259 incerti
1123 3205 1294 3258 esse
1340 3180 1772 3275 videantur,
1835 3179 1914 3255 id
1974 3201 2223 3274 omne,
2272 3179 2467 3279 qnod
2515 3184 2856 3278 interest,
2906 3181 3250 3284 probetur
3297 3192 3373 3258 et
3432 3191 3869 3284 praestetnr3
3932 3182 4089 3261 dis-

669 3327 936 3402 crimen
983 3331 1126 3398 tam
1181 3326 1257 3398 in
1303 3322 1503 3400 facto
1525 3381 1534 3388 .
1554 3345 1761 3422 quam
1800 3326 1876 3398 in
1925 3326 2095 3422 jure
2144 3324 2283 3397 vix
2329 3322 2805 3400 tolerandum.

866 3461 1106 3539 Multa
1154 3460 1300 3535 alia
1339 3468 1543 3555 sunt,
1623 3482 1809 3559 qnae
1859 3463 1934 3536 in
1985 3460 2248 3539 ordine
2288 3461 2439 3537 litis
2489 3486 2582 3540 ac
2625 3462 3075 3565 procedendi
3129 3490 3176 3542 a
3238 3463 3683 3542 Jmteaiano
3760 3463 4105 3540 ordinata·

669 3617 874 3714 sunt,
924 3628 1108 3708 quae
1156 3627 1385 3700 vero,
1430 3610 1692 3680 nostro-
1706 3607 1878 3705 jure
1921 3599 2378 3704 procedendi
2425 3610 2742 3700 mutato,
2789 3607 3020 3704 magis
3068 3626 3168 3682 ex
3204 3612 3626 3706 argumento
3659 3604 3851 3704 legis
3884 3628 4088 3702 quam

666 3757 870 3827 recta
912 3750 1507 3854 interpretatione
1568 3746 1663 3823 ad
1718 3768 1856 3823 nos
1908 3746 2483 3848 proficiscuntur.
2602 3743 2983 3823 Ordinatio
3040 3748 3224 3823 enim
3270 3768 3666 3849 processus
3711 3768 3846 3848 per
3892 3744 4089 3822 Ger-

670 3894 966 3968 maniam
1015 3892 1409 3968 communis
1472 3913 1678 3965 suum
1748 3885 1968 3964 habet
2017 3884 2548 3962 fundamentum
2569 3938 2594 3982 ‚
2680 3892 2755 3963 et
2820 3891 2952 3987 jus
3013 3885 3463 3965 canonicum
3529 3885 3827 3989 praebet
3888 3890 4093 3984 quasi

670 4032 838 4129 ejus
884 4033 1273 4130 originem:
1331 4031 1771 4132 paucissima
1821 4051 1924 4106 ex
1968 4031 2142 4129 jure
2202 4026 2538 4103 Romano
2595 4000 3043 4105 derivantur.

870 4169 956 4244 In
1026 4170 1215 4248 libro
1286 4180 1558 4249 octavo
1616 4168 1967 4247 nonnulla
2018 4189 2222 4274 nova
2290 4173 2504 4244 sunt:

829 4485 905 4565 1)
945 4488 1177 4551 Videas
1217 4489 1385 4550 Nov.
1422 4484 1564 4554 118.
1607 4484 1758 4569 137.

824 4589 982 4665 2)1.
1028 4595 1095 4656 1.
1147 4593 1296 4655 cod.
1349 4593 1415 4656 7.
1472 4588 1585 4654 81.
2101 4615 2108 4620 ·

825 4696 913 4777 3)
952 4704 1001 4764 1.
1047 4702 1170 4768 ult.
1210 4699 1360 4763 eod.
1397 4699 1465 4760 7.
1512 4692 1615 4759 ae·
1654 4701 1703 4768 1.
1741 4694 1809 4762 8.
1857 4700 2004 4763 cod.
2039 4702 2110 4771 7.
2147 4696 2265 4766 89.
2306 4702 2386 4766 de
2416 4702 2892 4783 praescriptione
2924 4701 3268 4784 longissimi
3302 4705 3608 4783 temporis.
3658 4704 3668 4714 '

824 4807 910 4876 4)
949 4808 998 4868 1.
1040 4802 1146 4869 1².
1180 4804 1330 4870 cod.
1362 4806 1429 4866 7.
1461 4797 1575 4875 32.

827 4908 903 4985 6)
943 4913 990 4972 1.
1025 4929 1134 4977 un.
1173 4912 1306 4975 eod.
1346 4913 1418 4973 7.
1460 4911 1580 4977 47.
