4782 6002
424 643 709 721 salvum
782 643 854 716 ei
920 639 1259 715 relictum
1325 645 1463 714 est.
1594 637 2003 736 Unicuique
2066 637 2194 714 alii
2250 643 2495 718 autem
2564 636 2663 718 ad
2730 640 3123 740 impensas.
3160 640 3710 742 recuperandae

422 782 643 862 modo
712 785 1075 859 actionem
1142 782 1585 857 contrariam
1610 832 1631 872 ,
1704 778 1924 858 modo
1974 775 2512 856 condictionem
2560 776 2778 876 leges
2828 777 3197 860 dederunt
3232 777 3327 878 ὁ).
3428 783 3567 862 Fr.
3620 788 3715 868 14

421 923 520 1030 de
572 921 724 998 dol.
778 921 936 995 mal.
990 928 1069 995 et
1114 927 1503 1026 menexc.
1545 921 1728 1011 (44,
1772 922 1862 1011 4)
1912 917 2006 995 fr.
2057 920 2182 994 48.
2220 916 2315 992 fr.
2370 921 2469 996 2⁷
2516 925 2592 1006 S.
2633 919 2687 993 ὅ
2742 917 2841 1007 de
2879 918 2971 996 R.
3014 919 3114 998 V.
3158 925 3288 1015 (6,
3339 926 3426 1015 1)
3472 922 3571 1004 fr.
3608 926 3712 1007 88

421 1063 521 1141 de
572 1060 789 1139 cond.
841 1059 1087 1136 indeb.
1140 1063 1323 1153 (12,
1371 1042 1463 1151 ’6)
1528 1057 1623 1133 fr.
1671 1061 1767 1134 14
1813 1065 1886 1145 8.
1945 1061 1981 1131 1
2037 1080 2288 1134 comm.
2343 1055 2486 1136 dic.
2536 1061 2717 1152 (10,
2760 1061 2874 1152 3).
2990 1060 3267 1159 Neque
3304 1060 3569 1142 'obstat
3615 1060 3708 1144 C.

420 1202 554 1279 ult.
605 1210 680 1290 8.
741 1204 777 1274 1
831 1204 878 1274 i.
907 1199 984 1274 s.
1039 1196 1232 1276 Cod.
1285 1196 1382 1274 de
1435 1197 1591 1274 her.
1642 1205 1792 1298 pet.
1845 1200 1980 1290 (3,
2017 1173 2198 1289 31),
2275 1195 2466 1276 haec
2532 1201 2723 1274 enim
2787 1203 3213 1276 constitutio
3278 1224 3443 1279 eum
3489 1200 3710 1284 modo

419 1365 669 1419 casum
715 1344 1063 1440 respicit,
1139 1362 1283 1436 qno
1331 1353 1740 1438 possessor
1781 1339 2122 1436 petitoris
2169 1335 2667 1414 creditoribus
2717 1338 3127 1433 satisfecit,
3180 1350 3258 1417 et
3311 1344 3520 1440 qnasi
3566 1340 3711 1424 hae

421 1478 868 1556 creditorum
917 1477 1432 1554 satisfactione
1474 1479 1841 1577 impensas
1880 1476 2105 1569 fecit,
2158 1503 2302 1577 qua
2342 1478 2441 1556 de
2484 1504 2713 1558 causa
2750 1461 2899 1558 non
2938 1486 3051 1566 rei
3089 1486 3321 1583 ipsius
3358 1492 3710 1585 respectu

348 1696 352 1700 ,
419 1619 673 1696 sactae
737 1626 908 1693 sunt
969 1620 1343 1717 impensae
1364 1671 1385 1709 ,
1463 1615 1605 1693 sed
1665 1640 1805 1716 pro
1870 1624 2166 1710 actore,
2246 1622 2353 1695 ita
2400 1628 2482 1695 ut
2531 1642 2926 1720 possessor
2976 1625 3185 1720 quasi
3246 1628 3708 1723 negotiorum

419 1770 678 1861 gestor
724 1761 872 1836 hoc
921 1760 1094 1835 loco
1145 1756 1527 1834 habendus
1574 1760 1720 1850 sit,
1760 1773 2033 1855 neque
2095 1759 2285 1832 enim
2349 1762 2519 1856 quia
2567 1759 2905 1859 possidet
2938 1784 3105 1846 ‚rem
3155 1761 3293 1838 has
3339 1766 3731 1862 imperim.

419 1895 601 1981 fecit
639 1898 732 1996 ⁶).
835 1900 1067 1991 Quum
1118 1911 1362 1978 autem
1413 1899 1740 1998 tjunditus
1789 1899 2137 1996 neglecta
2183 1909 2439 1975 essent
2478 1905 2838 2003 principia
2878 1905 3192 1979 actionis
3241 1908 3704 2002 negotioru-

418 2050 791 2140 gestorum
811 2094 832 2132 ,
883 2043 978 2114 ·si
1030 2039 1220 2116 hanc
1270 2043 1634 2118 actionem
1683 2037 2230 2113 admitteremus
2254 2092 2276 2131 ,
2344 2038 2533 2115 haec
2582 2044 2779 2117 actio
2831 2039 3282 2139 denegatur,
3358 2046 3704 2141 negotio·

420 2206 572 2256 rum
620 2183 807 2255 enim
858 2186 1234 2277 gestorum
1283 2181 1480 2254 actio
1530 2181 1600 2254 ei
1650 2174 1868 2253 modo
1909 2181 2295 2277 competit.
2347 2182 2473 2286 qui
2517 2182 2762 2256 sciens
2802 2183 3105 2276 negotia
3144 2179 3393 2258 alisna
3427 2183 3702 2278 gessit,

419 2345 656 2421 neque
703 2344 893 2396 vero
944 2320 1053 2395 illi
1074 2375 1094 2414 ,
1149 2322 1269 2419 qui
1320 2324 1393 2410 in
1441 2342 1594 2399 rem
1622 2371 1643 2412 ,
1710 2342 1922 2416 quam
1970 2341 2106 2417 pro
2157 2344 2294 2393 sua
2343 2316 2724 2418 possidet,
2791 2323 3160 2428 impensas
3208 2320 3412 2397 fecit.
3543 2318 3706 2410 Qua

417 2460 515 2537 de
564 2484 650 2537 re
698 2464 775 2533 in
815 2462 1187 2559 praetoris
1240 2458 1488 2536 edicto
1535 2457 1727 2534 haec
1775 2457 2013 2534 verba
2060 2458 2455 2555 leguntur:
2506 2456 2599 2534 si
2649 2427 2811 2555 quis
2852 2459 3154 2555 negotia
3202 2457 3506 2533 alterins
3557 2466 3700 2536 cet.

277 2611 278 2614 ‘
417 2600 510 2673 fr.
553 2599 749 2672 2·D.
804 2598 900 2675 de
949 2621 1116 2696 neg.
1169 2603 1360 2696 gest.
1411 2601 1536 2691 (3,
1586 2599 1678 2689 5)
1728 2595 1820 2670 fr.
1868 2599 1964 2670 14
2011 2604 2084 2682 S.
2135 2600 2171 2670 1
2225 2598 2321 2671 D.
2376 2620 2627 2674 comm.
2674 2595 2826 2672 div.
2871 2600 3037 2691 (10,
3082 2600 3173 2689 3)
3231 2594 3323 2689 ⁷).
3423 2597 3700 2695 Neque

417 2748 780 2842 repugnat
827 2741 919 2815 fr.
970 2745 1018 2814 6
1069 2750 1141 2828 s.
1192 2744 1243 2813 3
1293 2739 1391 2815 de
1442 2745 1692 2839 negot.
1744 2745 1934 2838 gest.
1987 2740 2112 2831 (3,
2154 2740 2247 2830 5)
2297 2761 2401 2813 ex
2450 2740 2695 2811 causis
2744 2744 2822 2812 et
2867 2736 3273 2812 rationibus
3320 2735 3538 2812 modo
3584 2737 3702 2812 al-

415 2885 608 2959 latis.
740 2883 1061 2982 Major-is
1124 2890 1363 2957 autem
1415 2883 1754 2956 momenti
1819 2887 1936 2960 est
1996 2879 2088 2953 fr.
2134 2879 2236 2951 40
2283 2874 2381 2952 de
2430 2875 2646 2952 cond.
2698 2874 2944 2953 indeb.
2996 2880 3175 2970 (12,
3221 2881 3350 2969 ὃ),
3428 2879 3503 2950 in
3551 2876 3701 2954 hoc

412 3025 600 3097 enim
650 3022 1062 3120 fragmento
1113 3023 1535 3096 Marcianus
1585 3018 2126 3096 condictionem
2174 3025 2383 3094 certe
2430 3020 2854 3117 possessori
2906 3016 3327 3119 concedere
3362 3014 3696 3111 videtum
3740 3057 3745 3061 ·

414 3168 732 3237 attamen
767 3158 1117 3260 ejusdem
1158 3161 1633 3257 Digestorum
1681 3158 1873 3233 tituli
1907 3142 2160 3235 'locum
2204 3168 2529 3235 nostram
2564 3155 2999 3245 sententiam
3032 3130 3171 3236 'vel
3206 3160 3520 3235 maxime
3558 3156 3699 3234 ad·-

407 3268 681 3396 ,μήτε
743 3306 1061 3373 constat.
1188 3296 1534 3372 Julianus
1596 3300 1784 3374 enim
1841 3295 1934 3371 fr.
1985 3299 2086 3373 33
2137 3296 2310 3373 eod.
2357 3295 2555 3374 hano
2602 3295 3135 3375 condictionem
3195 3295 3700 3393 denegandam

414 3459 592 3514 esse·
635 3441 970 3537 scripsit,
1025 3444 1170 3535 qua‘
1214 3441 1290 3511 in
1337 3460 1424 3514 re
1472 3439 1696 3534 igitur
1733 3437 2121 3512 Marciano
2163 3408 2580 3515 luculenter
2621 3435 3080 3514 contradicit.
3182 3435 3292 3510 At
3331 3436 3521 3512 haec
3560 3461 3697 3513 an·

413 3578 708 3651 tinomia
756 3575 1105 3653 facillime
1158 3575 1319 3655 tolli
1367 3582 1622 3675 potest
1646 3628 1666 3668 ,
1742 3578 1806 3651 si
1855 3573 1976 3651 hic
2027 3587 2289 3654 contra
2339 3579 2668 3677 regulam
2718 3578 3113 3656 heredibus
3163 3577 3696 3655 condictionem

413 3721 676 3793 incerti
724 3716 968 3795 datam
1023 3741 1195 3794 esse
1244 3717 1712 3797 concedimus
1740 3771 1762 3810 ,
1817 3740 2005 3814 quae
2047 3716 2454 3817 explicatio
2502 3716 2596 3793 fr.
2643 3721 2735 3792 21
2786 3716 2883 3792 ad
2930 3716 3069 3794 Sc.
3109 3716 3345 3793 Treb.
3384 3719 3563 3811 (36,
3612 3719 3696 3810 1)

415 3854 930 3952 confirmatur3
995 3859 1126 3933 illo
1177 3862 1368 3935 enim
1416 3857 1831 3956 fragmento
1881 3860 2112 3932 omnis
2159 3859 2509 3934 extensio
2550 3856 2983 3935 recluditur.
3080 3854 3344 3932 Aristo
3395 3860 3695 3956 primun

414 3994 744 4071 omnibus
792 3996 979 4091 illis,
1034 3998 1294 4096 qm‘bus
1345 4002 1555 4075 unice
1605 3999 2036 4074 retentionis
2077 4002 2209 4097 jus
2257 4019 2689 4077 concessum
2738 4005 2859 4072 est
2908 4001 3132 4093 [quas
3176 3995 3383 4075 solas
3421 3993 3696 4071 habent

411 4132 511 4193 -‘··
549 4139 1043 4230 retentiones)
1094 4136 1437 4215 heredem
1499 4140 1972 4239 aequiparat,
2022 4140 2235 4235 eique
2274 4145 2543 4236 postea
2582 4144 2848 4213 contm
2896 4133 3226 4231 regulam
3276 4131 3691 4239 condictio-

412 4300 578 4356 nem
639 4278 982 4356 concedit
1041 4281 1224 4374 (sed
1272 4304 1501 4381 pooee
1549 4304 1711 4356 eum
1761 4283 1971 4371 cet).
2096 4275 2370 4373 Neque
2438 4298 2628 4353 vero
2685 4280 2843 4374 jam
2898 4295 3157 4349 omnes
3216 4269 3693 4362 difficultates

531 4608 611 4691 ὅ)
654 4611 962 4672 Doricum
1004 4632 1212 4675 comm.
1255 4615 1313 4673 d.
1350 4614 1396 4693 j.
1440 4631 1492 4672 c.
1531 4615 1635 4675 lib.
1678 4615 1777 4673 2⁰.
1820 4630 1875 4672 c.
1916 4613 1974 4672 ¹7.
2072 4610 2224 4671 Fut.
2269 4627 2453 4670 error.
2497 4625 2728 4685 pragm.
2770 4609 2868 4668 26.
2909 4611 2984 4668 Β.
3027 4611 3086 4668 9.
3128 4612 3227 4668 1⁰.
3327 4610 3573 4676 Her-ald
3612 4611 3686 4669 de

656 4737 773 4779 rer.
809 4722 937 4799 jud.
981 4725 1022 4781 l.
1064 4725 1122 4782 2.
1166 4742 1217 4785 c.
1261 4726 1359 4784 23.
1402 4727 1466 4784 in
1510 4724 1675 4787 Ouo,
1715 4724 1869 4785 thes.
1909 4729 1952 4783 t.
1992 4722 2052 4784 2.
2854 4720 2883 4729 ““
2964 4720 2973 4729 “
3522 4740 3531 4745 -

534 4846 610 4919 6)
669 4848 869 4908 Valet!
908 4849 1094 4923 mant.
1138 4853 1203 4927 9.
1245 4857 1345 4915 89.
3140 4917 3145 4921 ,

534 4978 612 5056 ¹7)
653 4981 906 5054 Coceqii
939 4983 1046 5056 jus
1088 4990 1357 5044 controv.
1397 4988 1523 5065 111,
1558 4960 1668 5046 1⁶.
1711 4990 1958 5062 quaest:
1981 4981 2192 5045 1⁶5.
2276 4982 2468 5040 Febr.
2507 4987 2620 5040 tat.
2658 4983 2701 5043 Ι.
2740 4981 2841 5041 10.-
2880 4981 2968 5040 tit.
3010 4980 3069 5040 Β.
3108 4983 3188 5038 rr.
3232 4979 3332 5040 20.
3381 4958 3409 4971 ⁹
