<?xml version="1.0" encoding="UTF-8"?>
<!DOCTYPE html PUBLIC "-//W3C//DTD XHTML 1.0 Transitional//EN"
    "http://www.w3.org/TR/xhtml1/DTD/xhtml1-transitional.dtd">
<html xmlns="http://www.w3.org/1999/xhtml" xml:lang="en" lang="en">
 <head>
  <title>
</title>
<meta http-equiv="Content-Type" content="text/html;charset=utf-8" />
  <meta name='ocr-system' content='tesseract 3.04.00' />
  <meta name='ocr-capabilities' content='ocr_page ocr_carea ocr_par ocr_line ocrx_word'/>
</head>
<body>
  <div class='ocr_page' id='page_1' title='image "./diesinterpellat00beckgoog_0657.png"; bbox 0 0 4782 6002; ppageno 0'>
   <div class='ocr_carea' id='block_1_1' title="bbox 3732 472 3833 544">
    <p class='ocr_par' dir='ltr' id='par_1_1' title="bbox 3732 472 3833 544">
     <span class='ocr_line' id='line_1_1' title="bbox 3732 472 3833 544; baseline 0.01 -1"><span class='ocrx_word' id='word_1_1' title='bbox 3732 472 3833 544; x_wconf 78' lang='lat' dir='ltr'>lo</span> 
     </span>
    </p>
   </div>
   <div class='ocr_carea' id='block_1_2' title="bbox 395 655 3826 2933">
    <p class='ocr_par' dir='ltr' id='par_1_2' title="bbox 459 655 3826 976">
     <span class='ocr_line' id='line_1_2' title="bbox 465 655 3826 755; baseline 0.001 -23"><span class='ocrx_word' id='word_1_2' title='bbox 465 661 859 752; x_wconf 66' lang='lat' dir='ltr'>videamus,</span> <span class='ocrx_word' id='word_1_3' title='bbox 907 655 1129 727; x_wconf 81' lang='lat' dir='ltr'>multo</span> <span class='ocrx_word' id='word_1_4' title='bbox 1174 657 1381 727; x_wconf 77' lang='lat' dir='ltr'>etiam</span> <span class='ocrx_word' id='word_1_5' title='bbox 1423 657 1648 729; x_wconf 81' lang='lat' dir='ltr'>rarius</span> <span class='ocrx_word' id='word_1_6' title='bbox 1689 665 2210 728; x_wconf 84' lang='lat' dir='ltr'>consentaneum</span> <span class='ocrx_word' id='word_1_7' title='bbox 2254 665 2358 727; x_wconf 85' lang='lat' dir='ltr'>est</span> <span class='ocrx_word' id='word_1_8' title='bbox 2387 658 2722 732; x_wconf 82' lang='lat' dir='ltr'>divisores</span> <span class='ocrx_word' id='word_1_9' title='bbox 2767 681 3030 752; x_wconf 86' lang='lat' dir='ltr'>poenae</span> <span class='ocrx_word' id='word_1_10' title='bbox 3063 663 3485 735; x_wconf 69' lang='lat' dir='ltr'>atrocitatem</span> <span class='ocrx_word' id='word_1_11' title='bbox 3513 665 3826 755; x_wconf 76' lang='lat' dir='ltr'>sensisse,</span> 
     </span>
     <span class='ocr_line' id='line_1_3' title="bbox 463 766 3823 865; baseline 0.002 -22"><span class='ocrx_word' id='word_1_12' title='bbox 463 796 755 865; x_wconf 82' lang='lat' dir='ltr'>quorum</span> <span class='ocrx_word' id='word_1_13' title='bbox 789 772 1005 863; x_wconf 66' lang='lat' dir='ltr'>opera</span> <span class='ocrx_word' id='word_1_14' title='bbox 1044 771 1443 863; x_wconf 72' lang='lat' dir='ltr'>saepissime</span> <span class='ocrx_word' id='word_1_15' title='bbox 1488 771 1705 841; x_wconf 89' lang='lat' dir='ltr'>iidem</span> <span class='ocrx_word' id='word_1_16' title='bbox 1736 772 1882 859; x_wconf 91' lang='lat' dir='ltr'>illi,</span> <span class='ocrx_word' id='word_1_17' title='bbox 1931 772 2051 861; x_wconf 90' lang='lat' dir='ltr'>qui</span> <span class='ocrx_word' id='word_1_18' title='bbox 2084 772 2380 842; x_wconf 76' lang='lat' dir='ltr'>ambitus</span> <span class='ocrx_word' id='word_1_19' title='bbox 2416 795 2571 843; x_wconf 90' lang='lat' dir='ltr'>reos</span> <span class='ocrx_word' id='word_1_20' title='bbox 2603 766 2716 842; x_wconf 81' lang='lat' dir='ltr'>vel</span> <span class='ocrx_word' id='word_1_21' title='bbox 2753 776 3318 847; x_wconf 75' lang='lat' dir='ltr'>condemnassent</span> <span class='ocrx_word' id='word_1_22' title='bbox 3360 779 3470 847; x_wconf 79' lang='lat' dir='ltr'>vel</span> <span class='ocrx_word' id='word_1_23' title='bbox 3511 779 3823 851; x_wconf 78' lang='lat' dir='ltr'>accusas·</span> 
     </span>
     <span class='ocr_line' id='line_1_4' title="bbox 459 885 1855 976; baseline -0.005 -16"><span class='ocrx_word' id='word_1_24' title='bbox 459 897 647 976; x_wconf 75' lang='lat' dir='ltr'>sent,</span> <span class='ocrx_word' id='word_1_25' title='bbox 695 886 1060 956; x_wconf 78' lang='lat' dir='ltr'>occasione</span> <span class='ocrx_word' id='word_1_26' title='bbox 1108 885 1338 955; x_wconf 69' lang='lat' dir='ltr'>oblata</span> <span class='ocrx_word' id='word_1_27' title='bbox 1379 885 1571 953; x_wconf 88' lang='lat' dir='ltr'>usuri</span> <span class='ocrx_word' id='word_1_28' title='bbox 1619 895 1855 953; x_wconf 84' lang='lat' dir='ltr'>essent.</span> 
     </span>
    </p>

    <p class='ocr_par' dir='ltr' id='par_1_3' title="bbox 395 999 3825 2933">
     <span class='ocr_line' id='line_1_5' title="bbox 658 999 3824 1101; baseline 0.002 -28"><span class='ocrx_word' id='word_1_29' title='bbox 658 1002 812 1073; x_wconf 91' lang='lat' dir='ltr'>Nec</span> <span class='ocrx_word' id='word_1_30' title='bbox 848 1002 1068 1071; x_wconf 87' lang='lat' dir='ltr'>minus</span> <span class='ocrx_word' id='word_1_31' title='bbox 1103 1001 1386 1093; x_wconf 89' lang='lat' dir='ltr'>impune</span> <span class='ocrx_word' id='word_1_32' title='bbox 1418 1001 1828 1091; x_wconf 86' lang='lat' dir='ltr'>plerumque</span> <span class='ocrx_word' id='word_1_33' title='bbox 1864 999 2151 1089; x_wconf 90' lang='lat' dir='ltr'>reliquis</span> <span class='ocrx_word' id='word_1_34' title='bbox 2187 1022 2463 1090; x_wconf 90' lang='lat' dir='ltr'>qnoque</span> <span class='ocrx_word' id='word_1_35' title='bbox 2498 999 2710 1072; x_wconf 79' lang='lat' dir='ltr'>fuisse</span> <span class='ocrx_word' id='word_1_36' title='bbox 2735 1002 3048 1092; x_wconf 82' lang='lat' dir='ltr'>videtur,</span> <span class='ocrx_word' id='word_1_37' title='bbox 3089 1027 3261 1094; x_wconf 88' lang='lat' dir='ltr'>quos</span> <span class='ocrx_word' id='word_1_38' title='bbox 3303 1005 3824 1101; x_wconf 77' lang='lat' dir='ltr'>distinguendos</span> 
     </span>
     <span class='ocr_line' id='line_1_6' title="bbox 461 1099 3825 1213; baseline 0.001 -28"><span class='ocrx_word' id='word_1_39' title='bbox 461 1140 503 1185; x_wconf 81' lang='lat' dir='ltr'>a</span> <span class='ocrx_word' id='word_1_40' title='bbox 533 1115 955 1186; x_wconf 78' lang='lat' dir='ltr'>divisoribus</span> <span class='ocrx_word' id='word_1_41' title='bbox 997 1115 1068 1185; x_wconf 92' lang='lat' dir='ltr'>in</span> <span class='ocrx_word' id='word_1_42' title='bbox 1110 1115 1249 1184; x_wconf 87' lang='lat' dir='ltr'>hoc</span> <span class='ocrx_word' id='word_1_43' title='bbox 1294 1099 1953 1205; x_wconf 71' lang='lat' dir='ltr'>corrumpendarum</span> <span class='ocrx_word' id='word_1_44' title='bbox 1987 1113 2475 1207; x_wconf 78' lang='lat' dir='ltr'>suffrag-iorum</span> <span class='ocrx_word' id='word_1_45' title='bbox 2516 1118 2797 1209; x_wconf 83' lang='lat' dir='ltr'>negotio</span> <span class='ocrx_word' id='word_1_46' title='bbox 2842 1119 3094 1209; x_wconf 88' lang='lat' dir='ltr'>partim</span> <span class='ocrx_word' id='word_1_47' title='bbox 3140 1118 3289 1210; x_wconf 85' lang='lat' dir='ltr'>jam</span> <span class='ocrx_word' id='word_1_48' title='bbox 3319 1141 3527 1213; x_wconf 88' lang='lat' dir='ltr'>supra</span> <span class='ocrx_word' id='word_1_49' title='bbox 3553 1124 3825 1207; x_wconf 79' lang='lat' dir='ltr'>monui,</span> 
     </span>
     <span class='ocr_line' id='line_1_7' title="bbox 460 1227 3821 1324; baseline 0.002 -26"><span class='ocrx_word' id='word_1_50' title='bbox 460 1239 872 1321; x_wconf 74' lang='lat' dir='ltr'>sequestres</span> <span class='ocrx_word' id='word_1_51' title='bbox 904 1230 1066 1298; x_wconf 89' lang='lat' dir='ltr'>dico</span> <span class='ocrx_word' id='word_1_52' title='bbox 1102 1239 1172 1297; x_wconf 88' lang='lat' dir='ltr'>et</span> <span class='ocrx_word' id='word_1_53' title='bbox 1200 1229 1665 1321; x_wconf 74' lang='lat' dir='ltr'>interpretes,</span> <span class='ocrx_word' id='word_1_54' title='bbox 1701 1227 1866 1295; x_wconf 85' lang='lat' dir='ltr'>licet</span> <span class='ocrx_word' id='word_1_55' title='bbox 1898 1249 2117 1316; x_wconf 88' lang='lat' dir='ltr'>aeque</span> <span class='ocrx_word' id='word_1_56' title='bbox 2154 1237 2224 1295; x_wconf 90' lang='lat' dir='ltr'>et</span> <span class='ocrx_word' id='word_1_57' title='bbox 2252 1229 2614 1299; x_wconf 87' lang='lat' dir='ltr'>criminosa</span> <span class='ocrx_word' id='word_1_58' title='bbox 2652 1242 2721 1300; x_wconf 87' lang='lat' dir='ltr'>et</span> <span class='ocrx_word' id='word_1_59' title='bbox 2750 1234 2980 1324; x_wconf 88' lang='lat' dir='ltr'>turpia</span> <span class='ocrx_word' id='word_1_60' title='bbox 3007 1257 3244 1303; x_wconf 88' lang='lat' dir='ltr'>eorum</span> <span class='ocrx_word' id='word_1_61' title='bbox 3272 1236 3575 1305; x_wconf 83' lang='lat' dir='ltr'>facinora</span> <span class='ocrx_word' id='word_1_62' title='bbox 3606 1236 3821 1305; x_wconf 86' lang='lat' dir='ltr'>habe-</span> 
     </span>
     <span class='ocr_line' id='line_1_8' title="bbox 463 1341 3820 1435; baseline 0.004 -25"><span class='ocrx_word' id='word_1_63' title='bbox 463 1353 721 1413; x_wconf 81' lang='lat' dir='ltr'>rentur.</span> <span class='ocrx_word' id='word_1_64' title='bbox 793 1343 1094 1435; x_wconf 82' lang='lat' dir='ltr'>Insignis</span> <span class='ocrx_word' id='word_1_65' title='bbox 1131 1352 1275 1429; x_wconf 89' lang='lat' dir='ltr'>est,</span> <span class='ocrx_word' id='word_1_66' title='bbox 1325 1343 1444 1432; x_wconf 85' lang='lat' dir='ltr'>qui</span> <span class='ocrx_word' id='word_1_67' title='bbox 1474 1343 1701 1411; x_wconf 90' lang='lat' dir='ltr'>lucem</span> <span class='ocrx_word' id='word_1_68' title='bbox 1740 1341 1909 1409; x_wconf 89' lang='lat' dir='ltr'>huic</span> <span class='ocrx_word' id='word_1_69' title='bbox 1946 1342 2050 1410; x_wconf 91' lang='lat' dir='ltr'>rei</span> <span class='ocrx_word' id='word_1_70' title='bbox 2094 1341 2344 1410; x_wconf 83' lang='lat' dir='ltr'>afferre</span> <span class='ocrx_word' id='word_1_71' title='bbox 2382 1345 2632 1434; x_wconf 87' lang='lat' dir='ltr'>possit,</span> <span class='ocrx_word' id='word_1_72' title='bbox 2682 1346 2874 1414; x_wconf 89' lang='lat' dir='ltr'>locus</span> <span class='ocrx_word' id='word_1_73' title='bbox 2915 1347 3136 1418; x_wconf 82' lang='lat' dir='ltr'>Cicer.</span> <span class='ocrx_word' id='word_1_74' title='bbox 3162 1350 3315 1419; x_wconf 82' lang='lat' dir='ltr'>Act.</span> <span class='ocrx_word' id='word_1_75' title='bbox 3347 1351 3385 1419; x_wconf 86' lang='lat'><em>1</em></span> <span class='ocrx_word' id='word_1_76' title='bbox 3422 1352 3489 1419; x_wconf 91' lang='lat' dir='ltr'>in</span> <span class='ocrx_word' id='word_1_77' title='bbox 3528 1351 3725 1420; x_wconf 89' lang='lat' dir='ltr'>Verr.</span> <span class='ocrx_word' id='word_1_78' title='bbox 3759 1372 3820 1422; x_wconf 86' lang='lat' dir='ltr'>c.</span> 
     </span>
     <span class='ocr_line' id='line_1_9' title="bbox 466 1457 3821 1557; baseline 0.002 -31"><span class='ocrx_word' id='word_1_79' title='bbox 466 1457 598 1528; x_wconf 78' lang='lat'>12:</span> <span class='ocrx_word' id='word_1_80' title='bbox 645 1503 694 1540; x_wconf 88' lang='lat'>‚,</span> <span class='ocrx_word' id='word_1_81' title='bbox 709 1458 1006 1542; x_wconf 86' lang='lat' dir='ltr'>Moneo,</span> <span class='ocrx_word' id='word_1_82' title='bbox 1054 1458 1426 1549; x_wconf 87' lang='lat' dir='ltr'>praedico,</span> <span class='ocrx_word' id='word_1_83' title='bbox 1462 1467 1620 1527; x_wconf 86' lang='lat' dir='ltr'>ante</span> <span class='ocrx_word' id='word_1_84' title='bbox 1658 1458 2026 1542; x_wconf 88' lang='lat' dir='ltr'>denuntio,</span> <span class='ocrx_word' id='word_1_85' title='bbox 2064 1457 2186 1545; x_wconf 89' lang='lat' dir='ltr'>qui</span> <span class='ocrx_word' id='word_1_86' title='bbox 2219 1467 2337 1524; x_wconf 88' lang='lat' dir='ltr'>aut</span> <span class='ocrx_word' id='word_1_87' title='bbox 2368 1458 2758 1549; x_wconf 87' lang='lat' dir='ltr'>deponere,</span> <span class='ocrx_word' id='word_1_88' title='bbox 2802 1471 2921 1529; x_wconf 89' lang='lat' dir='ltr'>aut</span> <span class='ocrx_word' id='word_1_89' title='bbox 2950 1465 3300 1554; x_wconf 88' lang='lat' dir='ltr'>recipere,</span> <span class='ocrx_word' id='word_1_90' title='bbox 3349 1473 3465 1532; x_wconf 87' lang='lat' dir='ltr'>aut</span> <span class='ocrx_word' id='word_1_91' title='bbox 3502 1465 3821 1557; x_wconf 83' lang='lat' dir='ltr'>accipere</span> 
     </span>
     <span class='ocr_line' id='line_1_10' title="bbox 460 1572 3817 1670; baseline 0.002 -29"><span class='ocrx_word' id='word_1_92' title='bbox 460 1582 577 1642; x_wconf 87' lang='lat' dir='ltr'>aut</span> <span class='ocrx_word' id='word_1_93' title='bbox 610 1573 971 1665; x_wconf 85' lang='lat' dir='ltr'>polliceri,</span> <span class='ocrx_word' id='word_1_94' title='bbox 1003 1583 1119 1641; x_wconf 88' lang='lat' dir='ltr'>aut</span> <span class='ocrx_word' id='word_1_95' title='bbox 1160 1573 1546 1663; x_wconf 83' lang='lat' dir='ltr'>sequestres</span> <span class='ocrx_word' id='word_1_96' title='bbox 1587 1582 1705 1641; x_wconf 88' lang='lat' dir='ltr'>aut</span> <span class='ocrx_word' id='word_1_97' title='bbox 1733 1574 2141 1662; x_wconf 84' lang='lat' dir='ltr'>interpretes</span> <span class='ocrx_word' id='word_1_98' title='bbox 2170 1575 2656 1664; x_wconf 87' lang='lat' dir='ltr'>corrumpendi</span> <span class='ocrx_word' id='word_1_99' title='bbox 2684 1572 2942 1666; x_wconf 80' lang='lat' dir='ltr'>judicii</span> <span class='ocrx_word' id='word_1_100' title='bbox 2971 1578 3190 1647; x_wconf 87' lang='lat' dir='ltr'>solent</span> <span class='ocrx_word' id='word_1_101' title='bbox 3227 1600 3407 1661; x_wconf 90' lang='lat' dir='ltr'>esse,</span> <span class='ocrx_word' id='word_1_102' title='bbox 3447 1579 3706 1670; x_wconf 87' lang='lat' dir='ltr'>quique</span> <span class='ocrx_word' id='word_1_103' title='bbox 3725 1580 3817 1647; x_wconf 88' lang='lat' dir='ltr'>ad</span> 
     </span>
     <span class='ocr_line' id='line_1_11' title="bbox 461 1687 3821 1785; baseline 0.002 -30"><span class='ocrx_word' id='word_1_104' title='bbox 461 1687 644 1756; x_wconf 83' lang='lat' dir='ltr'>hanc</span> <span class='ocrx_word' id='word_1_105' title='bbox 686 1710 830 1756; x_wconf 89' lang='lat' dir='ltr'>rem</span> <span class='ocrx_word' id='word_1_106' title='bbox 874 1697 991 1756; x_wconf 85' lang='lat' dir='ltr'>aut</span> <span class='ocrx_word' id='word_1_107' title='bbox 1021 1691 1396 1779; x_wconf 88' lang='lat' dir='ltr'>potentiam</span> <span class='ocrx_word' id='word_1_108' title='bbox 1438 1698 1556 1757; x_wconf 85' lang='lat' dir='ltr'>aut</span> <span class='ocrx_word' id='word_1_109' title='bbox 1591 1687 2085 1779; x_wconf 83' lang='lat' dir='ltr'>impudentiam</span> <span class='ocrx_word' id='word_1_110' title='bbox 2118 1708 2307 1754; x_wconf 85' lang='lat' dir='ltr'>suam</span> <span class='ocrx_word' id='word_1_111' title='bbox 2338 1689 2630 1777; x_wconf 83' lang='lat' dir='ltr'>professi</span> <span class='ocrx_word' id='word_1_112' title='bbox 2658 1700 2808 1758; x_wconf 86' lang='lat' dir='ltr'>suut</span> <span class='ocrx_word' id='word_1_113' title='bbox 2827 1740 2847 1776; x_wconf 96' lang='lat'>,</span> <span class='ocrx_word' id='word_1_114' title='bbox 2891 1691 3267 1760; x_wconf 86' lang='lat' dir='ltr'>abstineant</span> <span class='ocrx_word' id='word_1_115' title='bbox 3294 1694 3365 1762; x_wconf 91' lang='lat' dir='ltr'>in</span> <span class='ocrx_word' id='word_1_116' title='bbox 3388 1694 3523 1764; x_wconf 89' lang='lat' dir='ltr'>hoc</span> <span class='ocrx_word' id='word_1_117' title='bbox 3541 1693 3821 1785; x_wconf 82' lang='lat' dir='ltr'>jndicio</span> 
     </span>
     <span class='ocr_line' id='line_1_12' title="bbox 461 1798 3821 1903; baseline 0.002 -34"><span class='ocrx_word' id='word_1_118' title='bbox 461 1821 704 1870; x_wconf 84' lang='lat' dir='ltr'>manns</span> <span class='ocrx_word' id='word_1_119' title='bbox 738 1802 1139 1892; x_wconf 87' lang='lat' dir='ltr'>animosque</span> <span class='ocrx_word' id='word_1_120' title='bbox 1165 1804 1254 1871; x_wconf 87' lang='lat' dir='ltr'>ab</span> <span class='ocrx_word' id='word_1_121' title='bbox 1295 1803 1436 1873; x_wconf 87' lang='lat' dir='ltr'>hoc</span> <span class='ocrx_word' id='word_1_122' title='bbox 1466 1804 1733 1872; x_wconf 89' lang='lat' dir='ltr'>scelere</span> <span class='ocrx_word' id='word_1_123' title='bbox 1774 1798 2130 1884; x_wconf 82' lang='lat' dir='ltr'>nefario&#39;’;</span> <span class='ocrx_word' id='word_1_124' title='bbox 2180 1802 2301 1869; x_wconf 88' lang='lat' dir='ltr'>ubi</span> <span class='ocrx_word' id='word_1_125' title='bbox 2337 1812 2532 1871; x_wconf 82' lang='lat' dir='ltr'>vetus</span> <span class='ocrx_word' id='word_1_126' title='bbox 2572 1805 2691 1903; x_wconf 87' lang='lat' dir='ltr'>ille</span> <span class='ocrx_word' id='word_1_127' title='bbox 2732 1805 3072 1897; x_wconf 80' lang='lat' dir='ltr'>interpres</span> <span class='ocrx_word' id='word_1_128' title='bbox 3124 1806 3407 1891; x_wconf 71' lang='lat' dir='ltr'>bacca,</span> <span class='ocrx_word' id='word_1_129' title='bbox 3411 1809 3821 1900; x_wconf 89' lang='lat' dir='ltr'>,deponitur</span> 
     </span>
     <span class='ocr_line' id='line_1_13' title="bbox 462 1917 3820 2012; baseline 0.003 -29"><span class='ocrx_word' id='word_1_130' title='bbox 462 1918 533 1983; x_wconf 91' lang='lat' dir='ltr'>in</span> <span class='ocrx_word' id='word_1_131' title='bbox 581 1919 953 2005; x_wconf 87' lang='lat' dir='ltr'>sequestri,</span> <span class='ocrx_word' id='word_1_132' title='bbox 1004 1920 1343 2010; x_wconf 80' lang='lat' dir='ltr'>accipitur</span> <span class='ocrx_word' id='word_1_133' title='bbox 1365 1921 1467 1992; x_wconf 61' lang='lat' dir='ltr'>ab</span> <span class='ocrx_word' id='word_1_134' title='bbox 1505 1942 1588 1988; x_wconf 92' lang='lat' dir='ltr'>eo</span> <span class='ocrx_word' id='word_1_135' title='bbox 1623 1919 1744 2007; x_wconf 90' lang='lat' dir='ltr'>qui</span> <span class='ocrx_word' id='word_1_136' title='bbox 1772 1917 2275 2007; x_wconf 86' lang='lat' dir='ltr'>corrumpitur,</span> <span class='ocrx_word' id='word_1_137' title='bbox 2325 1918 2658 2007; x_wconf 81' lang='lat' dir='ltr'>recipitur</span> <span class='ocrx_word' id='word_1_138' title='bbox 2699 1921 2772 1986; x_wconf 92' lang='lat' dir='ltr'>id</span> <span class='ocrx_word' id='word_1_139' title='bbox 2815 1932 2916 1989; x_wconf 81' lang='lat' dir='ltr'>est</span> <span class='ocrx_word' id='word_1_140' title='bbox 2954 1921 3376 2011; x_wconf 88' lang='lat' dir='ltr'>promittitur</span> <span class='ocrx_word' id='word_1_141' title='bbox 3410 1923 3499 1991; x_wconf 91' lang='lat' dir='ltr'>ab</span> <span class='ocrx_word' id='word_1_142' title='bbox 3539 1947 3657 2010; x_wconf 92' lang='lat' dir='ltr'>eo,</span> <span class='ocrx_word' id='word_1_143' title='bbox 3698 1926 3820 2012; x_wconf 79' lang='lat' dir='ltr'>qui</span> 
     </span>
     <span class='ocr_line' id='line_1_14' title="bbox 461 2029 3821 2138; baseline 0.003 -41"><span class='ocrx_word' id='word_1_144' title='bbox 461 2052 594 2121; x_wconf 88' lang='lat' dir='ltr'>pro</span> <span class='ocrx_word' id='word_1_145' title='bbox 615 2029 1021 2138; x_wconf 80' lang='lat' dir='ltr'>judicaturo</span> <span class='ocrx_word' id='word_1_146' title='bbox 1059 2034 1393 2123; x_wconf 85' lang='lat' dir='ltr'>spondet,</span> <span class='ocrx_word' id='word_1_147' title='bbox 1442 2035 1854 2125; x_wconf 90' lang='lat' dir='ltr'>pollicetur,</span> <span class='ocrx_word' id='word_1_148' title='bbox 1913 2032 2034 2117; x_wconf 88' lang='lat' dir='ltr'>qui</span> <span class='ocrx_word' id='word_1_149' title='bbox 2086 2031 2276 2123; x_wconf 87' lang='lat' dir='ltr'>apud</span> <span class='ocrx_word' id='word_1_150' title='bbox 2333 2053 2409 2099; x_wconf 91' lang='lat' dir='ltr'>se</span> <span class='ocrx_word' id='word_1_151' title='bbox 2468 2032 2642 2099; x_wconf 89' lang='lat' dir='ltr'>dicit</span> <span class='ocrx_word' id='word_1_152' title='bbox 2691 2043 2809 2101; x_wconf 87' lang='lat' dir='ltr'>aut</span> <span class='ocrx_word' id='word_1_153' title='bbox 2856 2037 3236 2124; x_wconf 86' lang='lat' dir='ltr'>praemium</span> <span class='ocrx_word' id='word_1_154' title='bbox 3293 2046 3410 2104; x_wconf 85' lang='lat' dir='ltr'>aut</span> <span class='ocrx_word' id='word_1_155' title='bbox 3454 2039 3821 2108; x_wconf 87' lang='lat' dir='ltr'>sententiae</span> 
     </span>
     <span class='ocr_line' id='line_1_15' title="bbox 461 2147 3824 2240; baseline 0.001 -25"><span class='ocrx_word' id='word_1_156' title='bbox 461 2147 868 2236; x_wconf 83' lang='lat' dir='ltr'>potestatem</span> <span class='ocrx_word' id='word_1_157' title='bbox 911 2167 1096 2230; x_wconf 89' lang='lat' dir='ltr'>esse;</span> <span class='ocrx_word' id='word_1_158' title='bbox 1147 2158 1534 2237; x_wconf 86' lang='lat' dir='ltr'>sequestres</span> <span class='ocrx_word' id='word_1_159' title='bbox 1563 2156 1754 2230; x_wconf 87' lang='lat' dir='ltr'>sunt,</span> <span class='ocrx_word' id='word_1_160' title='bbox 1803 2148 1990 2237; x_wconf 79' lang='lat' dir='ltr'>apud</span> <span class='ocrx_word' id='word_1_161' title='bbox 2027 2169 2200 2237; x_wconf 91' lang='lat' dir='ltr'>quos</span> <span class='ocrx_word' id='word_1_162' title='bbox 2227 2150 2523 2240; x_wconf 88' lang='lat' dir='ltr'>pecunia</span> <span class='ocrx_word' id='word_1_163' title='bbox 2562 2148 2968 2239; x_wconf 88' lang='lat' dir='ltr'>deponitur,</span> <span class='ocrx_word' id='word_1_164' title='bbox 3013 2151 3457 2240; x_wconf 86' lang='lat' dir='ltr'>interpretes,</span> <span class='ocrx_word' id='word_1_165' title='bbox 3494 2173 3622 2240; x_wconf 88' lang='lat' dir='ltr'>per</span> <span class='ocrx_word' id='word_1_166' title='bbox 3652 2172 3824 2239; x_wconf 82' lang='lat' dir='ltr'>quos</span> 
     </span>
     <span class='ocr_line' id='line_1_16' title="bbox 395 2260 3825 2358; baseline 0.001 -29"><span class='ocrx_word' id='word_1_167' title='bbox 395 2297 402 2306; x_wconf 91' lang='lat'><em>·</em></span> <span class='ocrx_word' id='word_1_168' title='bbox 462 2261 815 2331; x_wconf 86' lang='lat' dir='ltr'>inducitur</span> <span class='ocrx_word' id='word_1_169' title='bbox 851 2260 1136 2353; x_wconf 47' lang='lat' dir='ltr'>pactio’ss</span> <span class='ocrx_word' id='word_1_170' title='bbox 1186 2263 1376 2331; x_wconf 87' lang='lat' dir='ltr'>Mihi</span> <span class='ocrx_word' id='word_1_171' title='bbox 1426 2262 1710 2352; x_wconf 89' lang='lat' dir='ltr'>quidem</span> <span class='ocrx_word' id='word_1_172' title='bbox 1747 2262 1941 2331; x_wconf 90' lang='lat' dir='ltr'>locus</span> <span class='ocrx_word' id='word_1_173' title='bbox 1982 2263 2078 2331; x_wconf 88' lang='lat' dir='ltr'>ita</span> <span class='ocrx_word' id='word_1_174' title='bbox 2109 2264 2340 2354; x_wconf 89' lang='lat' dir='ltr'>potius</span> <span class='ocrx_word' id='word_1_175' title='bbox 2383 2263 2807 2332; x_wconf 88' lang='lat' dir='ltr'>ordinandus</span> <span class='ocrx_word' id='word_1_176' title='bbox 2847 2264 3157 2350; x_wconf 82' lang='lat' dir='ltr'>videtur,</span> <span class='ocrx_word' id='word_1_177' title='bbox 3207 2274 3283 2331; x_wconf 87' lang='lat' dir='ltr'>nt</span> <span class='ocrx_word' id='word_1_178' title='bbox 3326 2262 3825 2358; x_wconf 76' lang='lat' dir='ltr'>conjungamus</span> 
     </span>
     <span class='ocr_line' id='line_1_17' title="bbox 462 2376 3824 2471; baseline 0.001 -26"><span class='ocrx_word' id='word_1_179' title='bbox 462 2376 673 2445; x_wconf 82' lang='lat' dir='ltr'>verba</span> <span class='ocrx_word' id='word_1_180' title='bbox 698 2376 1062 2469; x_wconf 79' lang='lat' dir='ltr'>deponere</span> <span class='ocrx_word' id='word_1_181' title='bbox 1096 2385 1164 2446; x_wconf 85' lang='lat' dir='ltr'>et</span> <span class='ocrx_word' id='word_1_182' title='bbox 1201 2377 1571 2468; x_wconf 49' lang='lat' dir='ltr'>rec-spere,</span> <span class='ocrx_word' id='word_1_183' title='bbox 1623 2398 2029 2467; x_wconf 87' lang='lat' dir='ltr'>rursumque</span> <span class='ocrx_word' id='word_1_184' title='bbox 2072 2379 2423 2470; x_wconf 76' lang='lat' dir='ltr'>accipere</span> <span class='ocrx_word' id='word_1_185' title='bbox 2463 2389 2533 2447; x_wconf 89' lang='lat' dir='ltr'>et</span> <span class='ocrx_word' id='word_1_186' title='bbox 2560 2378 2934 2471; x_wconf 72' lang='lat' dir='ltr'>polliceri,</span> <span class='ocrx_word' id='word_1_187' title='bbox 2984 2378 3152 2471; x_wconf 77' lang='lat' dir='ltr'>illuc</span> <span class='ocrx_word' id='word_1_188' title='bbox 3188 2386 3630 2468; x_wconf 76' lang='lat' dir='ltr'>sequestres,</span> <span class='ocrx_word' id='word_1_189' title='bbox 3679 2378 3824 2448; x_wconf 86' lang='lat' dir='ltr'>huc</span> 
     </span>
     <span class='ocr_line' id='line_1_18' title="bbox 461 2491 3821 2583; baseline 0 -23"><span class='ocrx_word' id='word_1_190' title='bbox 461 2491 894 2582; x_wconf 56' lang='lat' dir='ltr'>interpretes</span> <span class='ocrx_word' id='word_1_191' title='bbox 928 2492 1322 2561; x_wconf 84' lang='lat' dir='ltr'>referamus.</span> <span class='ocrx_word' id='word_1_192' title='bbox 1371 2491 1743 2583; x_wconf 84' lang='lat' dir='ltr'>Deponunt</span> <span class='ocrx_word' id='word_1_193' title='bbox 1789 2493 1975 2561; x_wconf 91' lang='lat' dir='ltr'>enim</span> <span class='ocrx_word' id='word_1_194' title='bbox 2014 2495 2115 2560; x_wconf 91' lang='lat' dir='ltr'>rei</span> <span class='ocrx_word' id='word_1_195' title='bbox 2158 2515 2533 2581; x_wconf 88' lang='lat' dir='ltr'>eorumque</span> <span class='ocrx_word' id='word_1_196' title='bbox 2566 2493 2769 2562; x_wconf 91' lang='lat' dir='ltr'>amici</span> <span class='ocrx_word' id='word_1_197' title='bbox 2800 2491 3162 2583; x_wconf 88' lang='lat' dir='ltr'>pecuniam</span> <span class='ocrx_word' id='word_1_198' title='bbox 3197 2492 3383 2583; x_wconf 88' lang='lat' dir='ltr'>apud</span> <span class='ocrx_word' id='word_1_199' title='bbox 3417 2500 3821 2581; x_wconf 86' lang='lat' dir='ltr'>sequestres,</span> 
     </span>
     <span class='ocr_line' id='line_1_19' title="bbox 461 2604 3821 2698; baseline 0 -23"><span class='ocrx_word' id='word_1_200' title='bbox 461 2606 542 2675; x_wconf 65' lang='lat' dir='ltr'>hi</span> <span class='ocrx_word' id='word_1_201' title='bbox 574 2605 914 2696; x_wconf 89' lang='lat' dir='ltr'>recipiunt</span> <span class='ocrx_word' id='word_1_202' title='bbox 938 2607 1337 2696; x_wconf 79' lang='lat' dir='ltr'>pecuniam3</span> <span class='ocrx_word' id='word_1_203' title='bbox 1373 2608 1787 2698; x_wconf 85' lang='lat' dir='ltr'>pollicentur</span> <span class='ocrx_word' id='word_1_204' title='bbox 1810 2605 2176 2698; x_wconf 85' lang='lat' dir='ltr'>judicibus</span> <span class='ocrx_word' id='word_1_205' title='bbox 2212 2609 2660 2697; x_wconf 89' lang='lat' dir='ltr'>interpretes,</span> <span class='ocrx_word' id='word_1_206' title='bbox 2702 2608 3054 2698; x_wconf 85' lang='lat' dir='ltr'>accipiunt</span> <span class='ocrx_word' id='word_1_207' title='bbox 3078 2604 3399 2696; x_wconf 85' lang='lat' dir='ltr'>judices;</span> <span class='ocrx_word' id='word_1_208' title='bbox 3438 2609 3559 2696; x_wconf 89' lang='lat' dir='ltr'>qui</span> <span class='ocrx_word' id='word_1_209' title='bbox 3594 2615 3821 2675; x_wconf 81' lang='lat' dir='ltr'>antem</span> 
     </span>
     <span class='ocr_line' id='line_1_20' title="bbox 462 2720 3821 2818; baseline 0.001 -31"><span class='ocrx_word' id='word_1_210' title='bbox 462 2720 812 2811; x_wconf 86' lang='lat' dir='ltr'>recipiunt</span> <span class='ocrx_word' id='word_1_211' title='bbox 847 2722 961 2789; x_wconf 81' lang='lat' dir='ltr'>vel</span> <span class='ocrx_word' id='word_1_212' title='bbox 1015 2721 1396 2812; x_wconf 88' lang='lat' dir='ltr'>accipiunt,</span> <span class='ocrx_word' id='word_1_213' title='bbox 1441 2723 1938 2814; x_wconf 87' lang='lat' dir='ltr'>impudentiam</span> <span class='ocrx_word' id='word_1_214' title='bbox 1997 2746 2222 2808; x_wconf 89' lang='lat' dir='ltr'>suam,</span> <span class='ocrx_word' id='word_1_215' title='bbox 2275 2721 2397 2811; x_wconf 89' lang='lat' dir='ltr'>qui</span> <span class='ocrx_word' id='word_1_216' title='bbox 2440 2722 2786 2818; x_wconf 73' lang='lat' dir='ltr'>deponunt</span> <span class='ocrx_word' id='word_1_217' title='bbox 2828 2731 2897 2789; x_wconf 89' lang='lat' dir='ltr'>et</span> <span class='ocrx_word' id='word_1_218' title='bbox 2945 2722 3396 2813; x_wconf 84' lang='lat' dir='ltr'>pollicentur,</span> <span class='ocrx_word' id='word_1_219' title='bbox 3445 2722 3821 2813; x_wconf 76' lang='lat' dir='ltr'>potentiam</span> 
     </span>
     <span class='ocr_line' id='line_1_21' title="bbox 462 2823 3817 2933; baseline 0.001 -29"><span class='ocrx_word' id='word_1_220' title='bbox 462 2838 757 2928; x_wconf 80' lang='lat' dir='ltr'>professi</span> <span class='ocrx_word' id='word_1_221' title='bbox 800 2823 947 2906; x_wconf 81' lang='lat' dir='ltr'>esse</span> <span class='ocrx_word' id='word_1_222' title='bbox 979 2836 1319 2908; x_wconf 86' lang='lat' dir='ltr'>dicuntur.</span> <span class='ocrx_word' id='word_1_223' title='bbox 1368 2838 1791 2932; x_wconf 88' lang='lat' dir='ltr'>Interpretes</span> <span class='ocrx_word' id='word_1_224' title='bbox 1821 2841 2037 2933; x_wconf 79' lang='lat' dir='ltr'>igitur</span> <span class='ocrx_word' id='word_1_225' title='bbox 2062 2889 2085 2924; x_wconf 85' lang='lat'>,</span> <span class='ocrx_word' id='word_1_226' title='bbox 2130 2841 2285 2929; x_wconf 90' lang='lat' dir='ltr'>ipso</span> <span class='ocrx_word' id='word_1_227' title='bbox 2324 2835 2593 2906; x_wconf 88' lang='lat' dir='ltr'>nomine</span> <span class='ocrx_word' id='word_1_228' title='bbox 2647 2845 3021 2928; x_wconf 83' lang='lat' dir='ltr'>arguente,</span> <span class='ocrx_word' id='word_1_229' title='bbox 3070 2847 3359 2929; x_wconf 88' lang='lat' dir='ltr'>apparet</span> <span class='ocrx_word' id='word_1_230' title='bbox 3394 2837 3644 2923; x_wconf 85' lang='lat' dir='ltr'>fnisse,</span> <span class='ocrx_word' id='word_1_231' title='bbox 3695 2836 3817 2925; x_wconf 86' lang='lat' dir='ltr'>qui</span> 
     </span>
    </p>
   </div>
   <div class='ocr_carea' id='block_1_3' title="bbox 341 2941 3820 3048">
    <p class='ocr_par' dir='ltr' id='par_1_4' title="bbox 341 2941 3820 3048">
     <span class='ocr_line' id='line_1_22' title="bbox 341 2941 3820 3048; baseline 0 -27"><span class='ocrx_word' id='word_1_232' title='bbox 341 2941 357 2960; x_wconf 69' lang='lat'><em>⁴</em></span> <span class='ocrx_word' id='word_1_233' title='bbox 463 2961 534 3021; x_wconf 88' lang='lat' dir='ltr'>et</span> <span class='ocrx_word' id='word_1_234' title='bbox 584 2951 1000 3022; x_wconf 83' lang='lat' dir='ltr'>divisoribus</span> <span class='ocrx_word' id='word_1_235' title='bbox 1033 2953 1486 3048; x_wconf 63' lang='lat' dir='ltr'>judicibnsve</span> <span class='ocrx_word' id='word_1_236' title='bbox 1555 2975 1795 3024; x_wconf 88' lang='lat' dir='ltr'>numos</span> <span class='ocrx_word' id='word_1_237' title='bbox 1831 2954 2364 3046; x_wconf 87' lang='lat' dir='ltr'>pollicerentur,</span> <span class='ocrx_word' id='word_1_238' title='bbox 2405 2973 2577 3041; x_wconf 89' lang='lat' dir='ltr'>qnos</span> <span class='ocrx_word' id='word_1_239' title='bbox 2612 2952 2869 3021; x_wconf 83' lang='lat' dir='ltr'>viritim</span> <span class='ocrx_word' id='word_1_240' title='bbox 2900 2952 3319 3023; x_wconf 85' lang='lat' dir='ltr'>dividendos</span> <span class='ocrx_word' id='word_1_241' title='bbox 3359 2962 3714 3040; x_wconf 89' lang='lat' dir='ltr'>curarent,</span> <span class='ocrx_word' id='word_1_242' title='bbox 3748 2961 3820 3024; x_wconf 90' lang='lat' dir='ltr'>et</span> 
     </span>
    </p>
   </div>
   <div class='ocr_carea' id='block_1_4' title="bbox 455 3067 3927 5114">
    <p class='ocr_par' dir='ltr' id='par_1_5' title="bbox 455 3067 3927 5114">
     <span class='ocr_line' id='line_1_23' title="bbox 466 3067 3821 3162; baseline 0 -26"><span class='ocrx_word' id='word_1_243' title='bbox 466 3068 557 3138; x_wconf 89' lang='lat' dir='ltr'>de</span> <span class='ocrx_word' id='word_1_244' title='bbox 587 3069 978 3161; x_wconf 79' lang='lat' dir='ltr'>largitionis</span> <span class='ocrx_word' id='word_1_245' title='bbox 1008 3068 1272 3139; x_wconf 66' lang='lat' dir='ltr'>summa</span> <span class='ocrx_word' id='word_1_246' title='bbox 1308 3091 1436 3140; x_wconf 82' lang='lat' dir='ltr'>nec</span> <span class='ocrx_word' id='word_1_247' title='bbox 1474 3093 1608 3140; x_wconf 92' lang='lat' dir='ltr'>non</span> <span class='ocrx_word' id='word_1_248' title='bbox 1643 3071 1733 3139; x_wconf 92' lang='lat' dir='ltr'>de</span> <span class='ocrx_word' id='word_1_249' title='bbox 1768 3070 2092 3139; x_wconf 89' lang='lat' dir='ltr'>mercede</span> <span class='ocrx_word' id='word_1_250' title='bbox 2118 3076 2446 3160; x_wconf 81' lang='lat' dir='ltr'>agerent,</span> <span class='ocrx_word' id='word_1_251' title='bbox 2479 3089 2683 3156; x_wconf 88' lang='lat' dir='ltr'>quam</span> <span class='ocrx_word' id='word_1_252' title='bbox 2714 3067 2850 3158; x_wconf 91' lang='lat' dir='ltr'>ipsi</span> <span class='ocrx_word' id='word_1_253' title='bbox 2882 3068 3218 3138; x_wconf 83' lang='lat' dir='ltr'>divisores</span> <span class='ocrx_word' id='word_1_254' title='bbox 3244 3070 3609 3162; x_wconf 79' lang='lat' dir='ltr'>largitione</span> <span class='ocrx_word' id='word_1_255' title='bbox 3638 3067 3821 3137; x_wconf 54' lang='lat' dir='ltr'>fact&amp;</span> 
     </span>
     <span class='ocr_line' id='line_1_24' title="bbox 463 3182 3821 3275; baseline -0 -23"><span class='ocrx_word' id='word_1_256' title='bbox 463 3183 897 3275; x_wconf 80' lang='lat' dir='ltr'>acciperent3</span> <span class='ocrx_word' id='word_1_257' title='bbox 946 3195 1332 3275; x_wconf 82' lang='lat' dir='ltr'>sequestres</span> <span class='ocrx_word' id='word_1_258' title='bbox 1369 3196 1594 3256; x_wconf 86' lang='lat' dir='ltr'>autem</span> <span class='ocrx_word' id='word_1_259' title='bbox 1630 3186 1823 3274; x_wconf 86' lang='lat' dir='ltr'>quasi</span> <span class='ocrx_word' id='word_1_260' title='bbox 1864 3185 2378 3252; x_wconf 82' lang='lat' dir='ltr'>confirmatores</span> <span class='ocrx_word' id='word_1_261' title='bbox 2414 3182 2747 3271; x_wconf 89' lang='lat' dir='ltr'>quosdam</span> <span class='ocrx_word' id='word_1_262' title='bbox 2783 3185 3151 3271; x_wconf 86' lang='lat' dir='ltr'>pecuniae,</span> <span class='ocrx_word' id='word_1_263' title='bbox 3191 3193 3267 3251; x_wconf 88' lang='lat' dir='ltr'>nt</span> <span class='ocrx_word' id='word_1_264' title='bbox 3285 3183 3534 3252; x_wconf 88' lang='lat' dir='ltr'>Cicero</span> <span class='ocrx_word' id='word_1_265' title='bbox 3562 3184 3661 3250; x_wconf 90' lang='lat' dir='ltr'>ait</span> <span class='ocrx_word' id='word_1_266' title='bbox 3688 3205 3821 3274; x_wconf 93' lang='lat' dir='ltr'>pro</span> 
     </span>
     <span class='ocr_line' id='line_1_25' title="bbox 463 3295 3822 3393; baseline -0.001 -25"><span class='ocrx_word' id='word_1_267' title='bbox 463 3298 786 3368; x_wconf 80' lang='lat' dir='ltr'>Cluentio</span> <span class='ocrx_word' id='word_1_268' title='bbox 836 3322 895 3369; x_wconf 90' lang='lat' dir='ltr'>c.</span> <span class='ocrx_word' id='word_1_269' title='bbox 926 3300 1063 3388; x_wconf 80' lang='lat'>26,</span> <span class='ocrx_word' id='word_1_270' title='bbox 1112 3303 1233 3391; x_wconf 86' lang='lat' dir='ltr'>qui</span> <span class='ocrx_word' id='word_1_271' title='bbox 1281 3304 1643 3393; x_wconf 86' lang='lat' dir='ltr'>pecuniam</span> <span class='ocrx_word' id='word_1_272' title='bbox 1687 3325 1727 3369; x_wconf 87' lang='lat' dir='ltr'>a</span> <span class='ocrx_word' id='word_1_273' title='bbox 1781 3298 2149 3369; x_wconf 87' lang='lat' dir='ltr'>candidato</span> <span class='ocrx_word' id='word_1_274' title='bbox 2210 3300 2320 3366; x_wconf 82' lang='lat' dir='ltr'>vel</span> <span class='ocrx_word' id='word_1_275' title='bbox 2368 3304 2689 3365; x_wconf 85' lang='lat' dir='ltr'>accusato</span> <span class='ocrx_word' id='word_1_276' title='bbox 2744 3295 3130 3387; x_wconf 82' lang='lat' dir='ltr'>largitionis</span> <span class='ocrx_word' id='word_1_277' title='bbox 3179 3300 3382 3366; x_wconf 65' lang='lat' dir='ltr'>causa</span> <span class='ocrx_word' id='word_1_278' title='bbox 3438 3299 3822 3390; x_wconf 83' lang='lat' dir='ltr'>depositam</span> 
     </span>
     <span class='ocr_line' id='line_1_26' title="bbox 455 3410 3927 3508; baseline -0.001 -25"><span class='ocrx_word' id='word_1_279' title='bbox 455 3424 811 3483; x_wconf 74' lang='lat' dir='ltr'>servarent</span> <span class='ocrx_word' id='word_1_280' title='bbox 845 3425 964 3485; x_wconf 80' lang='lat' dir='ltr'>ant</span> <span class='ocrx_word' id='word_1_281' title='bbox 1010 3417 1399 3508; x_wconf 82' lang='lat' dir='ltr'>depositum</span> <span class='ocrx_word' id='word_1_282' title='bbox 1445 3418 1536 3487; x_wconf 89' lang='lat' dir='ltr'>iri</span> <span class='ocrx_word' id='word_1_283' title='bbox 1568 3417 2025 3507; x_wconf 85' lang='lat' dir='ltr'>sponderent,</span> <span class='ocrx_word' id='word_1_284' title='bbox 2078 3436 2362 3504; x_wconf 89' lang='lat' dir='ltr'>eamque</span> <span class='ocrx_word' id='word_1_285' title='bbox 2409 3414 2730 3503; x_wconf 84' lang='lat' dir='ltr'>pactione</span> <span class='ocrx_word' id='word_1_286' title='bbox 2769 3432 2897 3501; x_wconf 85' lang='lat' dir='ltr'>per</span> <span class='ocrx_word' id='word_1_287' title='bbox 2940 3411 3349 3502; x_wconf 88' lang='lat' dir='ltr'>interpretes</span> <span class='ocrx_word' id='word_1_288' title='bbox 3377 3410 3563 3481; x_wconf 59' lang='lat' dir='ltr'>facta</span> <span class='ocrx_word' id='word_1_289' title='bbox 3601 3412 3671 3480; x_wconf 91' lang='lat' dir='ltr'>in</span> <span class='ocrx_word' id='word_1_290' title='bbox 3703 3412 3817 3480; x_wconf 88' lang='lat' dir='ltr'>di·</span> <span class='ocrx_word' id='word_1_291' title='bbox 3914 3421 3927 3432; x_wconf 87' lang='grc'><strong><em>’</em></strong></span> 
     </span>
     <span class='ocr_line' id='line_1_27' title="bbox 463 3526 3817 3621; baseline 0 -25"><span class='ocrx_word' id='word_1_292' title='bbox 463 3528 784 3598; x_wconf 82' lang='lat' dir='ltr'>visorum&#39;-</span> <span class='ocrx_word' id='word_1_293' title='bbox 793 3530 1204 3621; x_wconf 83' lang='lat' dir='ltr'>judicumve</span> <span class='ocrx_word' id='word_1_294' title='bbox 1243 3554 1477 3603; x_wconf 85' lang='lat' dir='ltr'>manus</span> <span class='ocrx_word' id='word_1_295' title='bbox 1525 3533 1892 3601; x_wconf 81' lang='lat' dir='ltr'>traderent.</span> <span class='ocrx_word' id='word_1_296' title='bbox 1956 3530 2203 3620; x_wconf 89' lang='lat' dir='ltr'>Neque</span> <span class='ocrx_word' id='word_1_297' title='bbox 2250 3530 2430 3598; x_wconf 87' lang='lat' dir='ltr'>enim</span> <span class='ocrx_word' id='word_1_298' title='bbox 2474 3528 2566 3596; x_wconf 84' lang='lat' dir='ltr'>ad</span> <span class='ocrx_word' id='word_1_299' title='bbox 2591 3526 2865 3619; x_wconf 87' lang='lat' dir='ltr'>judicia</span> <span class='ocrx_word' id='word_1_300' title='bbox 2898 3527 3138 3613; x_wconf 80' lang='lat' dir='ltr'>modo,</span> <span class='ocrx_word' id='word_1_301' title='bbox 3183 3527 3308 3597; x_wconf 89' lang='lat' dir='ltr'>sed</span> <span class='ocrx_word' id='word_1_302' title='bbox 3356 3528 3561 3597; x_wconf 88' lang='lat' dir='ltr'>etiam</span> <span class='ocrx_word' id='word_1_303' title='bbox 3605 3526 3817 3615; x_wconf 90' lang='lat' dir='ltr'>inque</span> 
     </span>
     <span class='ocr_line' id='line_1_28' title="bbox 459 3641 3821 3738; baseline -0.001 -28"><span class='ocrx_word' id='word_1_304' title='bbox 459 3642 704 3732; x_wconf 87' lang='lat' dir='ltr'>primis</span> <span class='ocrx_word' id='word_1_305' title='bbox 731 3646 819 3712; x_wconf 83' lang='lat' dir='ltr'>ad</span> <span class='ocrx_word' id='word_1_306' title='bbox 851 3647 1130 3716; x_wconf 88' lang='lat' dir='ltr'>comitia</span> <span class='ocrx_word' id='word_1_307' title='bbox 1163 3647 1663 3738; x_wconf 87' lang='lat' dir='ltr'>corrumpenda</span> <span class='ocrx_word' id='word_1_308' title='bbox 1700 3646 2150 3733; x_wconf 90' lang='lat' dir='ltr'>sequestrium</span> <span class='ocrx_word' id='word_1_309' title='bbox 2188 3666 2468 3736; x_wconf 86' lang='lat' dir='ltr'>operam</span> <span class='ocrx_word' id='word_1_310' title='bbox 2503 3643 2933 3734; x_wconf 86' lang='lat' dir='ltr'>pertinuisse,</span> <span class='ocrx_word' id='word_1_311' title='bbox 2966 3665 3176 3732; x_wconf 89' lang='lat' dir='ltr'>quum</span> <span class='ocrx_word' id='word_1_312' title='bbox 3201 3644 3320 3711; x_wconf 88' lang='lat' dir='ltr'>alii</span> <span class='ocrx_word' id='word_1_313' title='bbox 3354 3642 3491 3712; x_wconf 89' lang='lat' dir='ltr'>loci</span> <span class='ocrx_word' id='word_1_314' title='bbox 3527 3641 3821 3729; x_wconf 81' lang='lat' dir='ltr'>docent,</span> 
     </span>
     <span class='ocr_line' id='line_1_29' title="bbox 464 3741 3815 3854; baseline 0 -31"><span class='ocrx_word' id='word_1_315' title='bbox 464 3768 756 3843; x_wconf 85' lang='lat' dir='ltr'>qnorum</span> <span class='ocrx_word' id='word_1_316' title='bbox 781 3762 1030 3849; x_wconf 84' lang='lat' dir='ltr'>partim</span> <span class='ocrx_word' id='word_1_317' title='bbox 1068 3785 1276 3853; x_wconf 92' lang='lat' dir='ltr'>supra</span> <span class='ocrx_word' id='word_1_318' title='bbox 1311 3763 1463 3854; x_wconf 84' lang='lat' dir='ltr'>jam</span> <span class='ocrx_word' id='word_1_319' title='bbox 1500 3762 1737 3848; x_wconf 85' lang='lat' dir='ltr'>attuli,</span> <span class='ocrx_word' id='word_1_320' title='bbox 1785 3772 1931 3829; x_wconf 89' lang='lat' dir='ltr'>tum</span> <span class='ocrx_word' id='word_1_321' title='bbox 1966 3758 2318 3829; x_wconf 88' lang='lat' dir='ltr'>Ciceronis</span> <span class='ocrx_word' id='word_1_322' title='bbox 2348 3780 2479 3848; x_wconf 91' lang='lat' dir='ltr'>pro</span> <span class='ocrx_word' id='word_1_323' title='bbox 2506 3758 2789 3826; x_wconf 87' lang='lat' dir='ltr'>Plancio</span> <span class='ocrx_word' id='word_1_324' title='bbox 2817 3776 2875 3825; x_wconf 90' lang='lat' dir='ltr'>c.</span> <span class='ocrx_word' id='word_1_325' title='bbox 2909 3755 3039 3825; x_wconf 81' lang='lat'>19:</span> <span class='ocrx_word' id='word_1_326' title='bbox 3091 3741 3328 3839; x_wconf 78' lang='lat' dir='ltr'>„doce</span> <span class='ocrx_word' id='word_1_327' title='bbox 3368 3756 3444 3825; x_wconf 89' lang='lat' dir='ltr'>id</span> <span class='ocrx_word' id='word_1_328' title='bbox 3467 3756 3656 3847; x_wconf 88' lang='lat' dir='ltr'>quod</span> <span class='ocrx_word' id='word_1_329' title='bbox 3692 3756 3815 3824; x_wconf 89' lang='lat' dir='ltr'>de·</span> 
     </span>
     <span class='ocr_line' id='line_1_30' title="bbox 464 3869 3815 3966; baseline 0 -28"><span class='ocrx_word' id='word_1_330' title='bbox 464 3871 630 3957; x_wconf 89' lang='lat' dir='ltr'>bes,</span> <span class='ocrx_word' id='word_1_331' title='bbox 670 3892 798 3960; x_wconf 91' lang='lat' dir='ltr'>per</span> <span class='ocrx_word' id='word_1_332' title='bbox 827 3894 1027 3960; x_wconf 91' lang='lat' dir='ltr'>quem</span> <span class='ocrx_word' id='word_1_333' title='bbox 1058 3889 1477 3963; x_wconf 87' lang='lat' dir='ltr'>sequestrem</span> <span class='ocrx_word' id='word_1_334' title='bbox 1497 3927 1518 3964; x_wconf 93' lang='lat'>,</span> <span class='ocrx_word' id='word_1_335' title='bbox 1551 3896 1688 3966; x_wconf 89' lang='lat' dir='ltr'>quo</span> <span class='ocrx_word' id='word_1_336' title='bbox 1726 3876 2026 3944; x_wconf 81' lang='lat' dir='ltr'>divisore</span> <span class='ocrx_word' id='word_1_337' title='bbox 2065 3883 2390 3963; x_wconf 87' lang='lat' dir='ltr'>corrupta</span> <span class='ocrx_word' id='word_1_338' title='bbox 2422 3874 2513 3942; x_wconf 88' lang='lat' dir='ltr'>sit</span> <span class='ocrx_word' id='word_1_339' title='bbox 2543 3869 2820 3955; x_wconf 86' lang='lat' dir='ltr'>tribus”;</span> <span class='ocrx_word' id='word_1_340' title='bbox 2860 3882 2929 3941; x_wconf 90' lang='lat' dir='ltr'>et</span> <span class='ocrx_word' id='word_1_341' title='bbox 2966 3894 3097 3965; x_wconf 90' lang='lat' dir='ltr'>pro</span> <span class='ocrx_word' id='word_1_342' title='bbox 3118 3872 3354 3941; x_wconf 85' lang='lat' dir='ltr'>anlio</span> <span class='ocrx_word' id='word_1_343' title='bbox 3379 3870 3536 3940; x_wconf 61' lang='grc' dir='ltr'>αῖς</span> <span class='ocrx_word' id='word_1_344' title='bbox 3575 3870 3815 3960; x_wconf 85' lang='lat' dir='ltr'>„quod</span> 
     </span>
     <span class='ocr_line' id='line_1_31' title="bbox 459 3984 3816 4077; baseline 0 -24"><span class='ocrx_word' id='word_1_345' title='bbox 459 3985 655 4054; x_wconf 85' lang='lat' dir='ltr'>haud</span> <span class='ocrx_word' id='word_1_346' title='bbox 681 3986 828 4054; x_wconf 87' lang='lat' dir='ltr'>scio</span> <span class='ocrx_word' id='word_1_347' title='bbox 851 4010 933 4055; x_wconf 91' lang='lat' dir='ltr'>an</span> <span class='ocrx_word' id='word_1_348' title='bbox 953 3986 1044 4057; x_wconf 90' lang='lat' dir='ltr'>de</span> <span class='ocrx_word' id='word_1_349' title='bbox 1062 3988 1320 4057; x_wconf 84' lang='lat' dir='ltr'>ambitu</span> <span class='ocrx_word' id='word_1_350' title='bbox 1344 3991 1522 4060; x_wconf 87' lang='lat' dir='ltr'>etde</span> <span class='ocrx_word' id='word_1_351' title='bbox 1546 3991 1946 4061; x_wconf 88' lang='lat' dir='ltr'>criminibus</span> <span class='ocrx_word' id='word_1_352' title='bbox 1962 3993 2110 4059; x_wconf 90' lang='lat' dir='ltr'>istis</span> <span class='ocrx_word' id='word_1_353' title='bbox 2128 3987 2470 4059; x_wconf 89' lang='lat' dir='ltr'>sodalium</span> <span class='ocrx_word' id='word_1_354' title='bbox 2497 4009 2580 4056; x_wconf 90' lang='lat' dir='ltr'>ac</span> <span class='ocrx_word' id='word_1_355' title='bbox 2591 3989 3043 4077; x_wconf 89' lang='lat' dir='ltr'>sequestrium</span> <span class='ocrx_word' id='word_1_356' title='bbox 3068 3987 3382 4054; x_wconf 90' lang='lat' dir='ltr'>similiter</span> <span class='ocrx_word' id='word_1_357' title='bbox 3401 3984 3816 4076; x_wconf 87' lang='lat' dir='ltr'>responden·</span> 
     </span>
     <span class='ocr_line' id='line_1_32' title="bbox 462 4098 3814 4198; baseline -0.001 -29"><span class='ocrx_word' id='word_1_358' title='bbox 462 4101 633 4169; x_wconf 87' lang='lat' dir='ltr'>dnm</span> <span class='ocrx_word' id='word_1_359' title='bbox 653 4098 950 4193; x_wconf 81' lang='lat' dir='ltr'>putem&#39;’;</span> <span class='ocrx_word' id='word_1_360' title='bbox 988 4103 1329 4193; x_wconf 85' lang='lat' dir='ltr'>latiusque</span> <span class='ocrx_word' id='word_1_361' title='bbox 1350 4109 1623 4176; x_wconf 87' lang='lat' dir='ltr'>omnino</span> <span class='ocrx_word' id='word_1_362' title='bbox 1651 4117 1844 4198; x_wconf 87' lang='lat' dir='ltr'>patet</span> <span class='ocrx_word' id='word_1_363' title='bbox 1871 4105 2244 4198; x_wconf 89' lang='lat' dir='ltr'>sequestris</span> <span class='ocrx_word' id='word_1_364' title='bbox 2278 4102 2709 4188; x_wconf 83' lang='lat' dir='ltr'>vocabulum,</span> <span class='ocrx_word' id='word_1_365' title='bbox 2731 4102 2917 4191; x_wconf 90' lang='lat' dir='ltr'>quod</span> <span class='ocrx_word' id='word_1_366' title='bbox 2940 4102 3101 4170; x_wconf 89' lang='lat' dir='ltr'>inde</span> <span class='ocrx_word' id='word_1_367' title='bbox 3127 4100 3408 4169; x_wconf 89' lang='lat' dir='ltr'>ductum</span> <span class='ocrx_word' id='word_1_368' title='bbox 3426 4100 3521 4167; x_wconf 88' lang='lat' dir='ltr'>ait</span> <span class='ocrx_word' id='word_1_369' title='bbox 3544 4098 3814 4168; x_wconf 84' lang='lat' dir='ltr'>Gellius</span> 
     </span>
     <span class='ocr_line' id='line_1_33' title="bbox 461 4213 3812 4313; baseline -0 -31"><span class='ocrx_word' id='word_1_370' title='bbox 461 4216 640 4285; x_wconf 55' lang='lat' dir='ltr'>NA.</span> <span class='ocrx_word' id='word_1_371' title='bbox 656 4219 808 4288; x_wconf 85' lang='lat' dir='ltr'>XX.</span> <span class='ocrx_word' id='word_1_372' title='bbox 826 4218 943 4301; x_wconf 88' lang='lat'>11,</span> <span class='ocrx_word' id='word_1_373' title='bbox 962 4220 1151 4308; x_wconf 89' lang='lat' dir='ltr'>qnod</span> <span class='ocrx_word' id='word_1_374' title='bbox 1171 4221 1319 4313; x_wconf 87' lang='lat' dir='ltr'>ejus</span> <span class='ocrx_word' id='word_1_375' title='bbox 1344 4224 1461 4311; x_wconf 91' lang='lat' dir='ltr'>qui</span> <span class='ocrx_word' id='word_1_376' title='bbox 1483 4222 1742 4292; x_wconf 89' lang='lat' dir='ltr'>electus</span> <span class='ocrx_word' id='word_1_377' title='bbox 1766 4225 1875 4307; x_wconf 90' lang='lat' dir='ltr'>sit,</span> <span class='ocrx_word' id='word_1_378' title='bbox 1904 4234 2191 4311; x_wconf 90' lang='lat' dir='ltr'>utraque</span> <span class='ocrx_word' id='word_1_379' title='bbox 2205 4240 2367 4312; x_wconf 90' lang='lat' dir='ltr'>pars</span> <span class='ocrx_word' id='word_1_380' title='bbox 2396 4218 2606 4286; x_wconf 85' lang='lat' dir='ltr'>fidem</span> <span class='ocrx_word' id='word_1_381' title='bbox 2630 4227 2967 4305; x_wconf 88' lang='lat' dir='ltr'>sequatur.</span> <span class='ocrx_word' id='word_1_382' title='bbox 2997 4215 3195 4284; x_wconf 89' lang='lat' dir='ltr'>Idem</span> <span class='ocrx_word' id='word_1_383' title='bbox 3220 4216 3436 4309; x_wconf 76' lang='lat' dir='ltr'>igitur</span> <span class='ocrx_word' id='word_1_384' title='bbox 3466 4225 3587 4301; x_wconf 88' lang='lat' dir='ltr'>est,</span> <span class='ocrx_word' id='word_1_385' title='bbox 3622 4213 3812 4302; x_wconf 91' lang='lat' dir='ltr'>quod</span> 
     </span>
     <span class='ocr_line' id='line_1_34' title="bbox 463 4326 3810 4430; baseline -0.004 -22"><span class='ocrx_word' id='word_1_386' title='bbox 463 4349 712 4419; x_wconf 57' lang='grc' dir='ltr'>εἴωθε</span> <span class='ocrx_word' id='word_1_387' title='bbox 744 4340 1234 4430; x_wconf 73' lang='grc' dir='ltr'><strong><em>μεσεγγυήτης</em></strong></span> <span class='ocrx_word' id='word_1_388' title='bbox 1254 4389 1277 4423; x_wconf 91' lang='grc'><strong>,</strong></span> <span class='ocrx_word' id='word_1_389' title='bbox 1306 4347 1381 4405; x_wconf 90' lang='lat' dir='ltr'>nt</span> <span class='ocrx_word' id='word_1_390' title='bbox 1404 4360 1466 4405; x_wconf 82' lang='lat' dir='ltr'>v.</span> <span class='ocrx_word' id='word_1_391' title='bbox 1485 4359 1543 4406; x_wconf 90' lang='lat' dir='ltr'>c.</span> <span class='ocrx_word' id='word_1_392' title='bbox 1572 4337 1706 4406; x_wconf 84' lang='lat' dir='ltr'>hac</span> <span class='ocrx_word' id='word_1_393' title='bbox 1727 4339 1878 4428; x_wconf 66' lang='lat' dir='ltr'>ipsa</span> <span class='ocrx_word' id='word_1_394' title='bbox 1907 4338 1997 4406; x_wconf 91' lang='lat' dir='ltr'>de</span> <span class='ocrx_word' id='word_1_395' title='bbox 2031 4360 2106 4405; x_wconf 89' lang='lat' dir='ltr'>re</span> <span class='ocrx_word' id='word_1_396' title='bbox 2138 4333 2325 4427; x_wconf 88' lang='lat' dir='ltr'>apud</span> <span class='ocrx_word' id='word_1_397' title='bbox 2343 4334 2733 4423; x_wconf 81' lang='lat' dir='ltr'>Appianum</span> <span class='ocrx_word' id='word_1_398' title='bbox 2755 4332 3050 4423; x_wconf 77' lang='lat' dir='ltr'>legimus</span> <span class='ocrx_word' id='word_1_399' title='bbox 3077 4329 3168 4398; x_wconf 92' lang='lat' dir='ltr'>de</span> <span class='ocrx_word' id='word_1_400' title='bbox 3198 4329 3358 4399; x_wconf 90' lang='lat' dir='ltr'>bell.</span> <span class='ocrx_word' id='word_1_401' title='bbox 3379 4329 3559 4400; x_wconf 82' lang='lat' dir='ltr'>civil.</span> <span class='ocrx_word' id='word_1_402' title='bbox 3576 4328 3666 4397; x_wconf 90' lang='lat'>11.</span> <span class='ocrx_word' id='word_1_403' title='bbox 3686 4326 3810 4396; x_wconf 78' lang='lat'>19:</span> 
     </span>
     <span class='ocr_line' id='line_1_35' title="bbox 466 4437 3810 4554; baseline 0 -41"><span class='ocrx_word' id='word_1_404' title='bbox 466 4442 596 4515; x_wconf 77' lang='grc' dir='ltr'>καὶ</span> <span class='ocrx_word' id='word_1_405' title='bbox 634 4447 727 4515; x_wconf 83' lang='grc' dir='ltr'>τὸ</span> <span class='ocrx_word' id='word_1_406' title='bbox 762 4441 1101 4540; x_wconf 76' lang='grc' dir='ltr'>δεκάζειν</span> <span class='ocrx_word' id='word_1_407' title='bbox 1142 4448 1185 4536; x_wconf 80' lang='grc' dir='ltr'><strong><em>ἦ</em></strong></span> <span class='ocrx_word' id='word_1_408' title='bbox 1223 4445 1658 4554; x_wconf 76' lang='grc' dir='ltr'><em>δωροδοκεῖν</em></span> <span class='ocrx_word' id='word_1_409' title='bbox 1698 4454 2231 4544; x_wconf 75' lang='grc' dir='ltr'><strong><em>ἀναισχύντως</em></strong></span> <span class='ocrx_word' id='word_1_410' title='bbox 2266 4448 2445 4522; x_wconf 86' lang='grc' dir='ltr'><strong><em>τότε</em></strong></span> <span class='ocrx_word' id='word_1_411' title='bbox 2474 4448 2820 4540; x_wconf 82' lang='grc' dir='ltr'><strong><em>μάλιστα</em></strong></span> <span class='ocrx_word' id='word_1_412' title='bbox 2862 4445 3330 4531; x_wconf 76' lang='grc' dir='ltr'><strong><em>ἐπλεόνασεν·</em></strong></span> <span class='ocrx_word' id='word_1_413' title='bbox 3372 4450 3414 4519; x_wconf 86' lang='grc' dir='ltr'>ὁ</span> <span class='ocrx_word' id='word_1_414' title='bbox 3456 4440 3535 4517; x_wconf 78' lang='grc' dir='ltr'>δὲ</span> <span class='ocrx_word' id='word_1_415' title='bbox 3578 4437 3810 4536; x_wconf 76' lang='grc' dir='ltr'><strong><em>δῆμος</em></strong></span> 
     </span>
     <span class='ocr_line' id='line_1_36' title="bbox 465 4554 3869 4668; baseline -0.004 -28"><span class='ocrx_word' id='word_1_416' title='bbox 465 4558 709 4639; x_wconf 71' lang='grc' dir='ltr'>αὐτὸς</span> <span class='ocrx_word' id='word_1_417' title='bbox 756 4554 1127 4652; x_wconf 63' lang='grc' dir='ltr'><strong><em>ἔμμισθος</em></strong></span> <span class='ocrx_word' id='word_1_418' title='bbox 1162 4564 1287 4638; x_wconf 68' lang='grc' dir='ltr'>ἐπὶ</span> <span class='ocrx_word' id='word_1_419' title='bbox 1319 4569 1464 4648; x_wconf 83' lang='grc' dir='ltr'>τὰς</span> <span class='ocrx_word' id='word_1_420' title='bbox 1492 4565 1967 4668; x_wconf 73' lang='grc' dir='ltr'><strong><em>χειροτονίας</em></strong></span> <span class='ocrx_word' id='word_1_421' title='bbox 2007 4561 2133 4663; x_wconf 78' lang='grc' dir='ltr'><strong><em>ᾔει·</em></strong></span> <span class='ocrx_word' id='word_1_422' title='bbox 2168 4562 2388 4666; x_wconf 60' lang='grc' dir='ltr'>ὤφθη</span> <span class='ocrx_word' id='word_1_423' title='bbox 2426 4556 2507 4634; x_wconf 81' lang='grc' dir='ltr'>δέ</span> <span class='ocrx_word' id='word_1_424' title='bbox 2543 4586 2689 4634; x_wconf 82' lang='grc' dir='ltr'>που</span> <span class='ocrx_word' id='word_1_425' title='bbox 2740 4555 2870 4631; x_wconf 72' lang='grc' dir='ltr'>καὶ</span> <span class='ocrx_word' id='word_1_426' title='bbox 2896 4563 3376 4655; x_wconf 72' lang='grc' dir='ltr'><strong><em>μεσεγγύημα</em></strong></span> <span class='ocrx_word' id='word_1_427' title='bbox 3413 4560 3807 4630; x_wconf 83' lang='grc' dir='ltr'><strong><em>ταλάντων</em></strong></span> <span class='ocrx_word' id='word_1_428' title='bbox 3860 4598 3869 4619; x_wconf 74' lang='lat'>=</span> 
     </span>
     <span class='ocr_line' id='line_1_37' title="bbox 465 4670 3810 4780; baseline -0.002 -38"><span class='ocrx_word' id='word_1_429' title='bbox 465 4670 937 4746; x_wconf 79' lang='grc' dir='ltr'><strong><em>ὀκτακοσίων</em></strong></span> <span class='ocrx_word' id='word_1_430' title='bbox 961 4682 1147 4776; x_wconf 76' lang='grc' dir='ltr'><em>ὑπὲρ</em></span> <span class='ocrx_word' id='word_1_431' title='bbox 1180 4688 1314 4765; x_wconf 79' lang='grc' dir='ltr'>τῆς</span> <span class='ocrx_word' id='word_1_432' title='bbox 1342 4683 1734 4774; x_wconf 74' lang='grc' dir='ltr'><strong><em>ἐπωνύμου</em></strong></span> <span class='ocrx_word' id='word_1_433' title='bbox 1761 4678 2154 4775; x_wconf 69' lang='grc' dir='ltr'><strong><em>γενόμενον</em></strong></span> <span class='ocrx_word' id='word_1_434' title='bbox 2173 4681 2431 4780; x_wconf 77' lang='grc' dir='ltr'><strong><em>ἀρχῆς.</em></strong></span> <span class='ocrx_word' id='word_1_435' title='bbox 2462 4675 2558 4745; x_wconf 87' lang='lat' dir='ltr'>Et</span> <span class='ocrx_word' id='word_1_436' title='bbox 2577 4674 2760 4766; x_wconf 89' lang='lat' dir='ltr'>apud</span> <span class='ocrx_word' id='word_1_437' title='bbox 2783 4672 2980 4742; x_wconf 83' lang='lat' dir='ltr'>ICtos</span> <span class='ocrx_word' id='word_1_438' title='bbox 3006 4674 3289 4762; x_wconf 83' lang='lat' dir='ltr'>quidem</span> <span class='ocrx_word' id='word_1_439' title='bbox 3310 4673 3491 4740; x_wconf 91' lang='lat' dir='ltr'>bono</span> <span class='ocrx_word' id='word_1_440' title='bbox 3506 4670 3810 4762; x_wconf 76' lang='lat' dir='ltr'>plerum·</span> 
     </span>
     <span class='ocr_line' id='line_1_38' title="bbox 467 4782 3807 4887; baseline -0.001 -32"><span class='ocrx_word' id='word_1_441' title='bbox 467 4809 602 4872; x_wconf 87' lang='lat' dir='ltr'>que</span> <span class='ocrx_word' id='word_1_442' title='bbox 633 4798 703 4856; x_wconf 91' lang='lat' dir='ltr'>et</span> <span class='ocrx_word' id='word_1_443' title='bbox 736 4788 1025 4859; x_wconf 87' lang='lat' dir='ltr'>honesto</span> <span class='ocrx_word' id='word_1_444' title='bbox 1059 4813 1257 4864; x_wconf 85' lang='lat' dir='ltr'>sensu</span> <span class='ocrx_word' id='word_1_445' title='bbox 1291 4805 1657 4887; x_wconf 83' lang='lat' dir='ltr'>usurpatur</span> <span class='ocrx_word' id='word_1_446' title='bbox 1692 4796 1781 4862; x_wconf 88' lang='lat' dir='ltr'>de</span> <span class='ocrx_word' id='word_1_447' title='bbox 1816 4818 1919 4881; x_wconf 89' lang='lat' dir='ltr'>eo,</span> <span class='ocrx_word' id='word_1_448' title='bbox 1947 4795 2132 4885; x_wconf 89' lang='lat' dir='ltr'>apud</span> <span class='ocrx_word' id='word_1_449' title='bbox 2168 4815 2395 4882; x_wconf 88' lang='lat' dir='ltr'>quem,</span> <span class='ocrx_word' id='word_1_450' title='bbox 2429 4800 2504 4858; x_wconf 91' lang='lat' dir='ltr'>ut</span> <span class='ocrx_word' id='word_1_451' title='bbox 2537 4786 3083 4858; x_wconf 88' lang='lat' dir='ltr'>aitModestinus</span> <span class='ocrx_word' id='word_1_452' title='bbox 3119 4789 3207 4857; x_wconf 92' lang='lat' dir='ltr'>de</span> <span class='ocrx_word' id='word_1_453' title='bbox 3246 4789 3515 4856; x_wconf 80' lang='lat' dir='ltr'>verbor.</span> <span class='ocrx_word' id='word_1_454' title='bbox 3553 4782 3807 4878; x_wconf 68' lang='lat' dir='ltr'>signif„</span> 
     </span>
     <span class='ocr_line' id='line_1_39' title="bbox 470 4899 3808 5001; baseline -0.001 -35"><span class='ocrx_word' id='word_1_455' title='bbox 470 4900 705 4988; x_wconf 89' lang='lat' dir='ltr'>plures</span> <span class='ocrx_word' id='word_1_456' title='bbox 746 4903 1034 4972; x_wconf 88' lang='lat' dir='ltr'>eandem</span> <span class='ocrx_word' id='word_1_457' title='bbox 1078 4928 1266 4990; x_wconf 87' lang='lat' dir='ltr'>rem,</span> <span class='ocrx_word' id='word_1_458' title='bbox 1317 4908 1585 5001; x_wconf 56' lang='lat' dir='ltr'>deque</span> <span class='ocrx_word' id='word_1_459' title='bbox 1629 4910 2085 4977; x_wconf 81' lang='lat' dir='ltr'>controversia</span> <span class='ocrx_word' id='word_1_460' title='bbox 2122 4917 2260 4992; x_wconf 87' lang='lat' dir='ltr'>est,</span> <span class='ocrx_word' id='word_1_461' title='bbox 2315 4908 2812 4997; x_wconf 86' lang='lat' dir='ltr'>deposuerunt,</span> <span class='ocrx_word' id='word_1_462' title='bbox 2862 4905 3046 4988; x_wconf 83' lang='lat' dir='ltr'>sive,</span> <span class='ocrx_word' id='word_1_463' title='bbox 3097 4912 3173 4970; x_wconf 89' lang='lat' dir='ltr'>ut</span> <span class='ocrx_word' id='word_1_464' title='bbox 3208 4901 3400 4990; x_wconf 90' lang='lat' dir='ltr'>loqui</span> <span class='ocrx_word' id='word_1_465' title='bbox 3462 4899 3808 4980; x_wconf 87' lang='lat' dir='ltr'>solebant,</span> 
     </span>
     <span class='ocr_line' id='line_1_40' title="bbox 468 5011 3809 5114; baseline -0.001 -31"><span class='ocrx_word' id='word_1_466' title='bbox 468 5027 822 5103; x_wconf 85' lang='lat' dir='ltr'>sequestro</span> <span class='ocrx_word' id='word_1_467' title='bbox 855 5032 1271 5110; x_wconf 79' lang='lat' dir='ltr'>posuerunt3</span> <span class='ocrx_word' id='word_1_468' title='bbox 1320 5045 1493 5114; x_wconf 88' lang='lat' dir='ltr'>quos</span> <span class='ocrx_word' id='word_1_469' title='bbox 1531 5033 1754 5094; x_wconf 85' lang='lat' dir='ltr'>antem</span> <span class='ocrx_word' id='word_1_470' title='bbox 1799 5023 1921 5093; x_wconf 86' lang='lat' dir='ltr'>hic</span> <span class='ocrx_word' id='word_1_471' title='bbox 1957 5034 2340 5111; x_wconf 87' lang='lat' dir='ltr'>sequestres</span> <span class='ocrx_word' id='word_1_472' title='bbox 2365 5022 2695 5107; x_wconf 88' lang='lat' dir='ltr'>dicimus,</span> <span class='ocrx_word' id='word_1_473' title='bbox 2731 5019 2973 5088; x_wconf 59' lang='lat' dir='ltr'>eadem</span> <span class='ocrx_word' id='word_1_474' title='bbox 3003 5016 3142 5107; x_wconf 62' lang='lat' dir='ltr'>quii</span> <span class='ocrx_word' id='word_1_475' title='bbox 3173 5017 3508 5089; x_wconf 84' lang='lat' dir='ltr'>divisores</span> <span class='ocrx_word' id='word_1_476' title='bbox 3531 5011 3809 5084; x_wconf 69' lang='lat' dir='ltr'>iufamia</span> 
     </span>
    </p>
   </div>
  </div>
 </body>
</html>
