4782 6002
2462 394 2555 470 18

1049 633 1276 732 Copiis
1330 633 2072 728 archaeologicis
2126 644 2390 730 praeter
2444 636 2573 710 alia
2600 645 3029 708 accesserunt
3078 639 3257 710 numi
3279 633 3530 712 Graeci
3580 660 3622 711 e
3685 637 4165 714 Thierschiano

839 772 1229 846 collectione
1288 775 1567 860 coemti,
1620 780 1686 843 et
1756 793 2009 844 summa
2070 771 2395 867 Principis
2481 776 2692 845 nostri
2736 773 3226 848 clementissimi
3306 772 3697 852 liberalitate
3784 781 4166 852 transmissi.

1044 909 1367 984 Thesauri
1419 910 2062 1004 mineralogici
2132 916 2302 988 aucti
2370 921 2525 985 sunt
2578 912 2771 984 donis
2821 914 3310 1008 pretiosissimis
3363 921 3432 983 et
3483 913 3766 1011 lapidum
3821 919 4164 990 variorum

836 1060 908 1122 et
940 1071 1339 1145 mapparum
1392 1052 1995 1142 geognosticarum.

1043 1186 1150 1257 Ac
1202 1185 1484 1281 denique
1528 1207 1615 1258 ne
1667 1187 1853 1259 locus
1906 1187 2173 1259 deesset
2225 1197 2414 1282 aptus
2483 1187 2875 1282 recipiendis
2930 1189 3136 1261 variis
3188 1209 3410 1260 rerum
3447 1188 3842 1294 naturalium
3894 1188 4157 1268 collec-
4219 1185 4232 1192 ’

839 1323 1160 1413 tionibus,
1214 1324 1532 1420 Principis
1586 1330 1793 1398 nostri
1811 1328 2028 1418 jussu,
2055 1324 2616 1398 consentientibus
2660 1325 2974 1415 statibus,
3029 1329 3138 1420 qui
3174 1325 3528 1417 dicuntur,
3556 1330 3812 1400 exstrui
3845 1338 4157 1422 coeptum

835 1473 936 1533 est
991 1458 1352 1535 aedificium
1408 1463 1692 1557 amplum
1747 1473 1813 1533 et
1847 1467 2316 1558 conspicuum,
2370 1465 2436 1534 in
2470 1483 2600 1555 quo
2628 1473 3108 1559 reponerentur
3134 1453 3556 1540 collectiones
3611 1464 4150 1562 physiologicae,

835 1600 1253 1696 physicales,
1310 1600 1862 1695 mineralogicae,
1914 1600 2411 1673 mathematicae
2465 1611 2531 1670 et
2585 1601 3244 1676 medico-chemicae.

1054 1927 1201 2001 Nec
1271 1927 1551 2020 denique
1625 1925 1686 1998 id
1758 1927 2441 2022 praetermittendum,
2528 1927 2611 2000 ad
2679 1927 3191 2001 Universitatem
3265 1927 3862 2002 Vratislaviensem
3935 1931 4152 2002 semi-

840 2066 1207 2141 saecularia
1263 2075 1569 2157 agentem
1643 2087 1838 2137 unum
1910 2087 1951 2136 e
2020 2064 2297 2158 collegis
2370 2069 2670 2151 missum,
2708 2087 2899 2156 esse,
2969 2070 3080 2160 qui
3130 2068 3290 2162 ipsis
3361 2065 3548 2144 festis
3614 2065 3917 2155 adesset,
3987 2070 4145 2138 ani-

839 2227 1147 2297 mumque
1199 2212 1494 2276 nostrum
1547 2202 1947 2274 benevolum
2001 2206 2067 2274 in
2119 2203 2548 2276 Academiam
2594 2226 2905 2281 sororem
2933 2212 3318 2277 testaretur:
3372 2200 3906 2278 Normannorum
3960 2201 4140 2276 Uni-

740 2306 753 2326 *
843 2345 1184 2433 versitati,
1256 2363 1425 2435 quae
1476 2339 1670 2414 floret
1723 2341 2176 2432 christianiae,
2228 2341 2357 2413 hoc
2381 2346 2530 2438 ipso
2556 2344 2822 2416 saeculo
2868 2342 3173 2416 conditae
3199 2352 3265 2415 et
3293 2340 3524 2414 decem
3550 2342 3752 2416 lustra
3790 2349 4145 2438 superatae

842 2479 1128 2552 eundem
1185 2483 1471 2552 animum
1523 2478 1854 2552 testificati
1907 2501 2132 2553 sumus
2198 2480 2405 2552 literis
2457 2482 2713 2571 missis,
2788 2504 2937 2554 cum
3010 2490 3283 2578 propter
3352 2482 3601 2554 itineris
3670 2480 4148 2576 longitudinem

835 2618 1127 2713 legatum
1179 2618 1309 2690 illic
1360 2609 1619 2690 mitt‘ere
1671 2617 1841 2690 haud
1894 2618 2145 2692 liceret.
2189 2656 2278 2672 -—
2319 2617 2653 2692 Numerus
2703 2618 3149 2696 studiosorum
3201 2641 3241 2690 e
3294 2623 3498 2692 variis
3570 2617 3749 2693 orbis
3820 2627 4148 2691 terrarum

838 2755 1133 2853 partibus
1185 2755 1315 2829 huc
1366 2755 1829 2829 confluentium
1883 2756 2011 2830 hoc
2062 2779 2323 2853 quoque
2393 2761 2697 2832 semestri
2752 2762 3004 2851 crevit,
3074 2761 3180 2854 qui
3237 2779 3467 2832 omnes
3539 2756 3914 2831 studiorum·
3974 2756 4146 2830 dili-

831 2900 1056 2990 gentia
1109 2903 1176 2965 et
1225 2894 1449 2988 legum
1502 2893 1931 2972 observantia
1976 2896 2457 2971 excelluerunt.

802 3314 807 3327 ¹
1037 3223 1155 3298 His
1208 3225 1532 3320 expositis
1586 3245 1692 3295 me
1747 3235 2130 3298 convertam
2187 3224 2266 3295 ad
2323 3223 2561 3315 judicia
2615 3222 3046 3296 renuntianda
3100 3224 3183 3297 de
3236 3227 3356 3317 iis,
3411 3228 3518 3319 qui
3574 3222 3655 3296 ad
3711 3228 4138 3318 quaestiones

831 3384 1009 3434 anno
1062 3363 1522 3459 praeterlapso
1574 3367 1953 3459 propositas
2007 3364 2366 3435 solvendas
2441 3372 2885 3436 accesserunt.
3012 3359 3207 3449 Quod
3295 3371 3646 3457 antequam
3717 3362 3998 3451 faciam,
4067 3360 4132 3433 id

830 3503 1254 3598 praemittere
1306 3522 1559 3594 cogor,
1613 3499 1789 3595 quod
1841 3511 1908 3573 ut
1962 3507 2233 3574 omnino
2288 3507 2503 3576 rarius
2558 3501 2863 3573 accidere
2933 3501 3144 3590 solet,
3213 3503 3298 3573 ita
3353 3504 3419 3572 in
3491 3510 3719 3573 nostra
3771 3499 4136 3573 Academia

830 3610 1111 3735 primum
1166 3637 1487 3731 nobisque
1542 3639 1841 3713 omnihus
1893 3644 2333 3734 gratissimum
2386 3651 2455 3713 et
2507 3641 3070 3736 exoptatissimum
3124 3637 3375 3712 accidit.
3481 3605 3739 3709 Etenim
3807 3637 3933 3711 hoc
3985 3641 4134 3735 ipso

830 3773 937 3848 die
992 3778 1460 3871 quinquaginta
1514 3775 1749 3849 abhinc
1801 3782 1988 3851 annis
2044 3777 2171 3851 duo
2244 3779 2548 3873 collegae
2618 3781 2866 3868 nostri,
2938 3800 3104 3875 quos
3158 3776 3369 3853 adhuc
3438 3777 3606 3849 inter
3675 3796 3799 3848 nos
3869 3776 4134 3849 versari

828 3912 1189 4003 laetamur,
1268 3918 1333 3987 in
1388 3914 1514 3987 hoc
1568 3925 1901 3988 certamen
1958 3938 2195 3989 recens
2250 3940 2288 3987 a
2344 3914 2587 3988 Garolo
2641 3914 2985 3989 Friderico
3040 3914 3369 3988 conditum
3441 3912 3924 3987 descenderunt
3973 3912 4134 4009 pal—

829 4073 1135 4146 mamque
1188 4060 1651 4148 reportarunt:
2550 4034 2553 4053 ⁶

1030 4192 1099 4263 in
1172 4190 1405 4263 ordine
1458 4191 1741 4269 Ictorum
1811 4192 2158 4290 professor
2208 4191 2414 4265 Erb:
2485 4197 2552 4266 in
2622 4191 2855 4269 ordine
2906 4189 3315 4263 Medicorum
3385 4191 3800 4265 consiliarius
3868 4191 4132 4262 intimus

824 4324 1180 4401 Professor
1234 4326 1616 4404 CheliuS.

1035 4464 1287 4551 Quibus
1358 4471 1519 4545 viris
1586 4471 2077 4543 semisecularia
2146 4468 2340 4543 hodie
2411 4466 2888 4542 celebrantibus
2957 4466 3085 4571 ¹hoc
3169 4466 3319 4539 loco
3391 4465 3672 4539 solemni
3727 4462 4131 4536 Academiae

828 4603 1094 4671 nomine
1177 4605 1709 4697 congratulamur
1795 4605 2088 4679 honores
2156 4605 2280 4679 hos
2335 4615 2468 4678 tam
2538 4614 2791 4679 matura
2864 4615 3079 4681 aetate
3150 4613 3462 4703 acceptos
3533 4626 3612 4674 ac
3677 4622 3800 4699 per
3867 4619 4131 4673 omnem
