4782 6002
948 714 1179 806 Quum
1229 735 1417 790 vero
1468 712 1656 791 haec
1706 714 2031 811 quaestio
2070 708 2440 810 amplioris
2488 707 2853 809 indaginis
2900 713 3028 806 sit,
3081 735 3283 810 quam
3331 719 3411 788 ut
3456 737 3595 790 nos
3645 714 3761 792 his
3810 722 4158 819 temporis

747 839 1417 954 angustiis'inclusi
1470 856 1536 927 ei
1588 852 2013 927 satisfacere
2060 852 2461 952 possimus:
2509 858 2810 924 mentem
2859 849 2953 924 ad
3002 850 3077 925 id
3131 876 3381 947 unum,
3418 860 3578 952 'quo
3622 879 3800 955 prae
3850 861 4042 933 omni
4076 881 4162 935 re

745 998 1284 1093 magistratuum
1309 989 1645 1065 eruditio
1698 998 1773 1064 et
1821 988 2174 1065 industria
2223 991 2610 1092 probetur,
2682 990 3144 1066 advertamus
3173 1045 3195 1086 ,
3268 1001 3494 1067 utrum
3543 992 4025 1071 Jus-nmmos
4082 1006 4161 1073 et

743 1134 1114 1209 Naronae
1164 1132 1644 1231 Imperatores
1692 1131 2033 1230 operibus
2088 1133 2241 1205 suis
2280 1128 2922 1231 jurisprudentiam
2971 1131 3522 1230 simpliciorem,
3575 1133 3985 1228 meliorem,
4036 1135 4158 1211 lo-

748 1274 1222 1377 cupletiorem
1275 1271 1577 1347 fecerint
1598 1326 1619 1367 ,
1669 1297 1762 1347 an
1814 1271 2199 1349 desideriis
2227 1270 2587 1349 Jctorum
2636 1272 2749 1343 sui
2799 1273 3141 1370 temporis
3189 1272 3614 1347 satisfacere
3662 1273 3969 1373 sibique,
4025 1272 4160 1352 de-

748 1412 1097 1491 struendo
1152 1417 1585 1510 noviterque
1633 1411 2204 1506 inaedificando,
2258 1412 2564 1487 nominis
2612 1408 3207 1484 immortalitatem
3259 1434 3607 1509 quaerere
3656 1413 4048 1492 voluerint.

950 1555 1261 1630 Primum
1309 1577 1625 1652 negare,
1677 1555 1974 1629 alterum
2027 1552 2474 1629 contendere
2524 1548 2793 1650 placet.
4020 1564 4027 1567 “

948 1695 1092 1770 Jus
1141 1696 1534 1770 Romanum
1585 1700 1943 1797 privatum
2001 1703 2155 1798 jam
2204 1697 2429 1795 prima
2479 1696 2722 1765 aetate
2786 1687 2881 1763 ab
2949 1692 3141 1764 omni
3196 1692 3372 1788 jure
3437 1691 3732 1793 publico
3801 1700 3876 1770 et
3936 1716 4154 1770 sacro

747 1844 1151 1936 separatum
1180 1891 1202 1930 ,
1269 1842 1412 1910 tum
1464 1840 1885 1935 exaequatis
1933 1836 2398 1912 Plebeiorum
2461 1837 2535 1906 et
2582 1828 3062 1903 Patriciorum
3120 1830 3411 1928 juribus
3438 1884 3460 1925 ,
3539 1832 3793 1931 paucis
3868 1833 4157 1931 legibus

745 1976 1186 2070 absolutum,
1228 1974 1666 2076 judiciorum
1719 1975 1953 2051 ordini
2004 1985 2076 2051 et
2123 1979 2344 2077 mori,
2396 1952 2921 2075 praetoriisque
2971 1972 3238 2049 edictis
3289 1972 3614 2049 relictum
3665 1982 3803 2050 est.
3904 1977 4158 2053 Rebus
4197 1954 4205 1963 ⁰

747 2140 880 2217 per
927 2118 1219 2213 longum
1273 2126 1551 2217 tempus
1603 2117 1743 2191 hac
1793 2120 2071 2191 ratione
2109 2115 2460 2215 judicatis
2501 2116 2690 2213 juris
2740 2114 3003 2213 privati
3068 2112 3445 2212 prudentia
3496 2115 3599 2186 ita
3657 2114 3962 2189 ‘exculta
4010 2125 4153 2202 est,

749 2265 829 2330 ut
876 2256 1282 2333 actionibus
1332 2260 1554 2333 certis
1605 2267 1681 2332 et
1729 2260 2108 2332 nominatis
2159 2259 2395 2331 omnia
2433 2260 2605 2356 jura
2659 2253 3122 2329 definirentur
3172 2262 3246 2328 et
3294 2253 3890 2347 absolverentur,
3960 2261 4035 2329 et
4082 2260 4159 2329 ut

747 2397 1098 2474 nonnulla
1149 2405 1410 2472 tautum
1445 2397 1760 2497 ‘arbitrio
1815 2406 1890 2472 et
1954 2398 2292 2493 aequitati
2355 2399 2427 2470 in
2505 2396 2722 2471 rebus
2788 2392 3211 2468 decidendis
3287 2397 3883 2493 permitterentur.
3991 2392 4207 2484 Quo.

749 2539 982 2609 tamen
1033 2533 1249 2611 modo
1321 2534 1706 2612 discrimen
1756 2535 1939 2611 illud
1991 2539 2061 2610 in
2112 2540 2443 2612 actiones
2493 2537 2719 2612 stricti
2774 2535 2967 2633 juris
3018 2539 3094 2609 et
3143 2532 3384 2610 bonae
3432 2533 3654 2630 fidei,
3707 2537 3778 2609 in
3829 2534 4159 2611 actiones

748 2643 1161 2750 arbitrarias
1211 2687 1288 2752 et
1336 2680 1410 2751 iu
1461 2678 1790 2753 actiones
1838 2679 1913 2751 iu
1962 2677 2225 2752 factum
2278 2684 2509 2753 ortum
2560 2682 2699 2753 est.
3444 2762 3449 2769 ¹

787 2831 793 2837 ’
881 2816 896 2829 ““
947 2814 1132 2893 Cum
1172 2821 1301 2916 jus
1349 2817 1575 2895 civile
1625 2825 1701 2893 et
1746 2820 2178 2918 praetorium
2230 2816 2542 2917 denique
2591 2820 2667 2892 in
2717 2808 2926 2892 unum
2980 2820 3183 2915 quasi
3235 2815 3554 2894 collecta
3604 2822 3892 2911 essent,
3946 2814 4163 2892 inde-

749 2960 889 3056 que
940 2950 1329 3059 disciplina
1397 2961 1559 3060 ipsa
1619 2958 2105 3060 peculiaribus
2153 2956 2513 3038 Jctorum
2576 2928 2782 3036 libris
2853 2960 3385 3054 conficeretur,
3452 2961 3830 3036 sententiis
3880 2979 4168 3058 quoque

747 3104 1066 3202 receptis
1116 3099 1553 3175 Prudentnm
1618 3101 1992 3199 rescriptis
2056 3107 2132 3173 et
2193 3097 2456 3174 edictis
2521 3099 2938 3199 Principum
3008 3104 3135 3196 jus
3205 3103 3434 3199 ipsum
3498 3104 3730 3196 magis
3795 3078 4169 3198 magisque

748 3252 1173 3341 augeretur,
1228 3244 1603 3340 omniaque
1653 3265 1901 3315 rursus
1952 3241 2157 3337 quasi
2205 3241 2483 3314 incerta
2530 3237 2787 3313 fierent
2851 3237 3178 3339 plurimis
3246 3238 3321 3309 in
3384 3237 3651 3311 factum
3671 3291 3694 3331 ,
3763 3236 4159 3312 arbitrariis

752 3395 827 3463 et
875 3385 1111 3461 bonae
1160 3384 1331 3460 fidei
1381 3383 1712 3485 judiciis=
1781 3383 2057 3484 placuit
2102 3379 2586 3476 Justiniano,
2636 3386 2861 3455 totum
2923 3382 3053 3479 jus
3103 3380 3411 3477 congeri
3461 3379 3535 3452 in
3584 3376 3770 3453 duas
3820 3376 4163 3454 collecti-

747 3547 969 3606 ones=
1021 3529 1097 3600 in
1174 3524 1403 3598 altera
1485 3498 1935 3606 collectione
1996 3527 2129 3622 jus
2179 3544 2325 3599 uon
2400 3525 2544 3598 rite
2617 3528 3086 3621 congestum,
3153 3522 3227 3594 in
3295 3519 3529 3594 altera
3576 3541 3722 3593 non
3773 3513 4163 3617 prudenter

748 3675 1082 3742 mutatum
1133 3669 1207 3737 et
1278 3662 1674 3762 perfectum
1726 3671 1860 3741 est.

875 3855 884 3864 =
944 3804 1041 3880 A.
1143 3799 1288 3874 Jus
1336 3802 1410 3873 in
1465 3780 1860 3876 Pandectis
1911 3825 2057 3878 non
2109 3807 2246 3880 rite
2309 3812 2778 3903 congestum,
2829 3798 2966 3875 sed
3015 3800 3258 3899 potius
3312 3795 3669 3894 digestum
3720 3808 3854 3875 est.

802 4009 808 4014 .
949 3941 1181 4033 Quum
1249 3939 1741 4017 Justinianm
1805 3949 2143 4019 auctores
2193 3943 2612 4038 adhiberet,
2680 3944 2802 4041 qui
2866 3940 3104 4016 multis
3147 3944 3297 4041 jam
3330 3945 3511 4032 ‘ante
3563 3941 3791 4037 ipsum
3844 3936 4169 4012 saeculis

750 4108 895 4163 non
945 4083 1181 4160 solum
1231 4083 1329 4160 de
1369 4088 1545 4184 jure
1591 4092 1765 4159 tunc
1812 4049 2156 4181 rigente,
2223 4084 2359 4161 sed
2410 4087 2619 4160 etiam
2672 4084 2767 4159 de
2816 4082 3140 4159 fontibus
3200 4080 3566 4182 prioribus
3614 4078 4021 4174 disserent,
4092 4087 4166 4156 et

627 4211 642 4222 ’
751 4239 986 4304 tamen
1038 4251 1135 4302 ex
1186 4228 1398 4328 ipsis·
1419 4226 2050 4326 jurisprudentiam
2128 4229 2237 4303 sui
2309 4228 2655 4327 temporis
2726 4219 3188 4302 hauriendam
3259 4225 3705 4324 opinaretur,
3788 4198 3934 4296 non
3998 4241 4169 4294 raro

751 4369 1014 4446 factum
1068 4379 1218 4464 est,
1273 4378 1349 4445 ut
1397 4369 1546 4444 illis
1595 4369 1776 4444 alias
1827 4365 2283 4444 definitiones
2331 4377 2817 4472 supponeret,
2872 4394 3080 4467 quam
3131 4390 3314 4469 quae
3352 4368 3456 4443 ‘ab
3513 4369 3622 4441 eis
3673 4371 4040 4465 cogitatae
4090 4370 4165 4436 et

754 4514 1088 4611 scriptae
1137 4495 1374 4588 erant:
1443 4535 1503 4586 e.
1553 4533 1630 4609 g.
1694 4512 1766 4587 in
1839 4511 2010 4612 lege
2074 4515 2300 4613 prima
2362 4511 2526 4588 libri
2596 4512 3118 4588 pandectarum
3189 4508 3285 4585 de
3349 4509 3622 4607 legatis,
3677 4506 4167 4582 Jusu’m'aaeme

571 4647 591 4666 ⁹
741 4649 954 4766 ‚aliud
1020 4648 1193 4747 quid
1258 4652 1737 4749 significavit,
1815 4677 2024 4752 quam
2092 4651 2286 4752 quod
2356 4655 2429 4728 in
2498 4660 2733 4728 mente
2800 4651 3122 4728 Unum
3185 4649 3494 4758 latebatz
3577 4651 3648 4722 in
3691 4648 3745 4721 l.
3802 4644 3923 4718 4⁷.
3970 4649 4044 4730 S.
4093 4637 4166 4722 l.

752 4790 1276 4867 Pandectarum
1360 4790 1454 4867 de
1518 4796 1833 4891 negotiis
1906 4798 2144 4893 gestis
2209 4793 2709 4870 Justiuianm
2777 4790 3160 4869 discrimen
3223 4789 3511 4867 sustulit
3572 4788 3760 4861 inter
3817 4782 4170 4860 actionem
