4782 6002
607 830 1084 932 disponente,
1152 847 1294 924 qua
1364 822 1829 922 legislatores
1890 820 2160 898 Gallici
2218 823 2349 899 ‘vel
2397 821 2777 901 Bornssici
2838 846 2941 900 ex
2998 829 3252 901 natura
3317 825 3500 929 juris
3565 828 3790 928 ipsam
3849 850 4002 906 rem

608 970 1007 1071 explicant.
1102 964 1223 1041 Re
1269 971 1340 1040 et
1389 963 1639 1040 verbis
1707 962 2080 1066 conjuncti
2133 966 2322 1040 enim<
2366 969 2507 1064 jam
2559 990 2607 1040 a
2656 972 3010 1041 testatore
3059 968 3129 1042 in
3180 969 3747 1043 communionem
3795 988 4001 1046 com-

607 1108 982 1185 modorum
1032 1109 1112 1180 et
1161 1125 1455 1179 onerum
1504 1103 1783 1202 recepti
1830 1110 2027 1197 sunt,
2092 1101 2226 1178 sed
2291 1103 2647 1202 obligatio
2697 1109 2798 1180 ita
2856 1108 3175 1203 mitigata
3223 1114 3377 1200 est,
3458 1105 3535 1180 ut
3581 1129 3685 1183 ex
3732 1108 4002 1184 volun-

605 1255 755 1324 tate
830 1243 1127 1322 heredis
1190 1243 1694 1340 electioneque
1764 1246 1925 1344 ipsa
1993 1243 2119 1346 jus
2187 1242 2665 1322 accrescendi
2731 1243 3072 1345 pendeat.
3213 1246 3373 1349 Disj
3384 1254 3755 1322 unctorum
3817 1271 4004 1324 vero

608 1387 810 1464 nulla
858 1392 971 1461 est
1018 1386 1460 1479 communio,
1514 1384 1825 1484 indeque
1873 1390 2107 1485 patet,
2158 1385 2475 1484 ipsorum
2525 1406 2760 1483 neque
2811 1406 2982 1460 esse
3043 1385 3163 1488 jus
3225 1385 3698 1465 accrescendi
3745 1390 4002 1489 ipsum,

605 1547 844 1625 neque
889 1524 1332 1623 legatorum,
1382 1547 1568 1622 qnae
1616 1523 1787 1601 aliis
1832 1524 2160 1627 injuncta
2209 1530 2416 1616 sunt,
2468 1523 2989 1600 solvendorum
3033 1546 3242 1611 onus,
3294 1569 3392 1587 -

800 1710 968 1788 Jam
1016 1718 1389 1812 superest,
1442 1717 1519 1787 nt
1568 1710 1911 1810 quaedam
1960 1711 2134 1786 loca
2181 1714 2255 1786 in
2314 1713 2642 1809 Digestis
2693 1711 2920 1788 obvia
2969 1717 3463 1813 respiciantur.

801 1874 864 1959 Ι.
964 1875 1051 1951 In
1101 1875 1274 1976 lege
1308 1876 1472 1951 142
1525 1877 1622 1951 D.
1674 1877 1801 1952 50.
1846 1875 1965 1951 16.
2043 1880 2182 1971 (ex
2247 1874 2783 1952 Commentario
2845 1876 3089 1952 Pauli
3149 1878 3243 1954 ad
3275 1878 3546 1978 ·legem
3593 1878 3885 1958 Juliam
3934 1888 4010 1957 et

608 2016 710 2094 Ρ.
759 2016 897 2110 Ρ.)
947 2016 1409 2116 proferuntur
1457 2015 1739 2115 quidem
1786 2019 2125 2094 notiones
2172 2014 2389 2120 hujus
2441 2017 2634 2114 legis
2682 2016 2776 2091 de
2826 2021 3277 2117 conjunctis,
3314 2018 3451 2094 sed
3485 2018 3746 2096 dictum
3775 2021 4018 2099 Pauli

604 2178 753 2233 non
800 2156 1016 2257 plane
1067 2164 1178 2232 est
1235 2154 1697 2250 exhaustum,
1769 2180 1931 2233 cnm
1995 2155 2463 2254 fragmentum
2511 2157 2743 2232 verba
2788 2159 3022 2234 solum
3070 2160 3296 2236 faciat.
3343 2158 3439 2235 de
3495 2157 3880 2235 heredibus
3925 2181 4011 2235 re

606 2303 680 2372 et
737 2296 990 2374 verbis
1052 2296 1459 2400 conjunctis
1513 2299 1563 2380 i
1623 2318 1695 2372 e.
1755 2295 1849 2371 de
1900 2267 2291 2372 heredibus
2343 2301 2758 2397 conjunctis
2800 2302 2971 2398 jure
3014 2303 3311 2398 antiqno
3357 2309 3435 2376 et
3492 2323 3717 2376 novo.
3777 2281 4010 2377 Nullo

602 2433 823 2514 modo
867 2458 952 2512 re
999 2435 1407 2548 conjuncti,
1462 2439 1561 2511 uti
1609 2436 2291 2512 MiiuLnNunucmus
2352 2440 2720 2538 opinatur,
2773 2447 3267 2513 recensentur.
3367 2441 3453 2514 In
3512 2441 3683 2537 lege
3745 2439 3864 2514 1¹5.
3918 2440 4015 2514 D.
4115 2461 4148 2476 “‘

605 2577 726 2654 28.
776 2578 853 2653 5.
897 2577 1075 2694 facti
1123 2583 1393 2668 tantum*
1438 2579 1764 2674 quaestio
1810 2572 2213 2669 deciditur,
2256 2582 2486 2650 utrum
2529 2572 2684 2649 dno
2719 2572 3034 2650 heredes
3085 2578 3460 2676 conjuncti
3507 2580 3652 2651 sint
3709 2599 3849 2652 nec
3895 2598 4013 2652 ne.

530 2824 534 2829 ,
801 2746 901 2822 11.
997 2745 1085 2821 In
1133 2742 1421 2844 legibus
1467 2741 1551 2816 3.
1598 2747 1672 2816 et
1723 2738 1845 2816 17..
1892 2749 1976 2828 s.
2038 2738 2105 2815 1.
2163 2740 2256 2816 D.
2317 2738 2435 2814 28.
2477 2741 2549 2820 5.
2616 2741 2671 2813 ii
2736 2737 3050 2814 heredes
3123 2742 3609 2834 nominantur,
3680 2742 3797 2837 qui
3853 2740 4016 2816 sine

602 2895 812 2989 parte
867 2887 1169 2964 instituti
1222 2890 1414 2960 sunt.
1505 2883 1722 2957 Prius
1767 2881 2244 2982 fragmentum.
2289 2902 2390 2954 ex
2439 2879 2614 2978 lege
2661 2876 2890 2954 Julia
2938 2885 3010 2954 et
3054 2876 3156 2957 Ρ.
3183 2878 3292 2962 Ρ.
3338 2881 3439 2952 ita
3488 2882 3829 2980 scriptum
3875 2887 4013 2975 est,

605 3035 687 3103 ut
740 3030 901 3103 sine
964 3034 1171 3128 parte
1221 2991 1519 3105 instituti
1579 3022 1799 3098 modo
1863 3021 2111 3097 verbis
2161 3021 2731 3126 conjungantur,
2783 3017 3002 3093 modo
3066 3040 3214 3093 non
3267 3019 3829 3124 conjungantur:
3896 3020 4012 3095 al-

603 3175 829 3245 terum
887 3168 1352 3265 fragmentum
1403 3186 1591 3240 vero
1642 3167 2122 3264 posteriorem
2182 3184 2430 3239 casum
2489 3165 2765 3267 tractat.
2863 3158 2920 3232 J
2924 3181 3049 3237 ure
3099 3160 3390 3257 antiquo
3451 3166 3526 3234 et
3587 3180 3792 3235 novo
3855 3163 4016 3236 sine

605 3316 812 3408 parte
879 3310 1186 3383 instituti
1240 3328 1386 3379 non
1442 3311 1606 3380 sunt
1653 3307 2055 3403 conjuncti.

802 3471 938 3553 ΠΙ.
1041 3470 1213 3545 Lex
1256 3469 1376 3543 66.
1432 3470 1526 3549 D.
1580 3467 1699 3543 28.
1722 3469 1821 3548 ·.5
1871 3466 2103 3542 solum
2141 3465 2237 3542 de
2284 3398 2529 3543 verbis
2578 3390 2998 3568 conjunctis
3032 3465 3384 3563 loquitur.
3433 3465 3738 3542 forsitan
3772 3467 4010 3545 Pom-

602 3614 884 3710 ponius
925 3613 999 3684 in
1051 3609 1244 3686 libro
1289 3608 1385 3685 ad
1436 3607 1525 3699 Q.
1561 3609 1881 3684 Mucium
1926 3605 2021 3682 de
2069 3609 2360 3704 antiqno
2404 3607 2576 3710 jure
2612 3603 3084 3681 accrescendi
3143 3604 3370 3681 verba
3409 3606 3632 3704 fecit,
3685 3607 3778 3683 ob
3817 3631 4019 3706 quam

610 3773 757 3827 rem
795 3716 980 3826 haec
1013 3749 1144 3825 lex
1176 3758 1477 3849 recepta
1515 3747 1855 3843 videtur,
1879 3768 2038 3825 cum
2081 3744 2179 3824 ad
2205 3746 2448 3844 legem
2497 3748 2777 3821 unicam
2817 3745 2913 3822 de
2949 3744 3110 3822 cad.
3152 3746 3310 3823 toll.
3361 3749 3709 3848 applicari
3760 3752 4022 3848 possit„

804 3913 944 3991 IV.
1039 3914 1124 3989 In
1175 3914 1351 4010 lege
1395 3913 1525 3993 89.·
1562 3914 1667 3987 Ι).
1712 3911 1836 3997 32.
1889 3911 2400 4014 compilatores
2466 3913 2938 4011 Digestorum
2999 3912 3096 3988 ad
3153 3913 3390 4011 legem
3433 3912 3726 3988 Juuam
3782 3916 4020 4015 respi-

613 4057 895 4135 cientes
975 4058 1264 4153 antiqua
1354 4061 1932 4155 proposuerunt,
2010 4056 2117 4128 uti
2179 4078 2233 4129 a
2299 4055 2572 4129 nostris
2650 4051 2888 4129 JCtis·
2950 4051 3510 4154 prudentissime
3580 4076 3702 4129 res
3776 4054 4024 4153 expli-

623 4204 790 4269 cata
825 4191 959 4271 est.

798 4332 1017 4421 *Quae
1071 4356 1227 4411 cum
1277 4336 1382 4409 ita
1432 4335 1613 4428 sint,
1682 4334 2147 4431 Digestorum
2198 4330 2596 4428 fragmenta
2654 4331 2815 4405 fere
2867 4331 3231 4435 ejusmodi
3285 4340 3493 4427 sunt,
3555 4352 3736 4429 quae
3790 4331 4022 4407 solum

615 4472 710 4548 ad
756 4471 1000 4570 legem
1057 4472 1354 4549 *Iuliam
1403 4481 1479 4549 et
1530 4473 1630 4553 P.
1687 4473 1789 4548 P.
1838 4476 2139 4549 animum
2199 4480 2272 4548 et
2330 4478 2635 4548 mentem
2686 4479 3017 4567 vertant,
3068 4494 3305 4568 neque
3347 4481 3635 4571 praeter
3672 4470 3724 4547 l.
3762 4469 3878 4555 66
3919 4473 4015 4553 D.

562 4680 573 4689 .
623 4613 744 4690 28.
790 4615 859 4695 5.
910 4612 989 4688 id
1022 4614 1449 4716 explicent,
1517 4636 1867 4713 quaenam
1918 4613 2145 4688 fuerit
2189 4619 2516 4712 tempore
2562 4609 2995 4686 Ιαειὺιίαηι·
3065 4610 3500 4714 conjunctim
3551 4619 3627 4688 et
3690 4611 4022 4716 disjunc-

620 4755 744 4829 tim
790 4755 989 4831 facta
1036 4757 1412 4831 institutio.

818 4892 983 4986 Quo
1036 4916 1399 4996 perpenso
1449 4893 1941 4973 Justinianus
1986 4893 2149 4994 ipse
2196 4913 2347 4969 non
2397 4889 2729 4968 dubitare
2778 4893 3052 4997 potuit,
3108 4892 3274 4989 quin
3322 4891 3396 4967 in
3445 4899 3520 4980 S.
3565 4889 3638 4965 8.
3674 4888 3754 4965 J.
3792 4891 3865 4971 2.
3898 4887 4019 4965 20.

3134 5014 3185 5089 4
