4782 6002
2051 359 2093 425 5

672 509 941 595 morbi,
969 509 1285 603 accipere
1316 531 1461 577 non
1505 520 1765 601 potest,
1800 531 2029 601 quum
2058 506 2365 576 liberum
2397 505 2567 576 dare
2600 529 3020 577 consensum
3054 531 3197 576 non
3228 507 3468 601 possit.

669 634 969 706 Curator
997 648 1237 705 autem
1269 658 1401 728 pro
1443 657 1527 703 eo
1569 633 1882 727 accipere
1925 646 2154 729 potest
2187 657 2417 727 quum
2460 631 2922 703 hereditatem
2953 632 3148 704 adire
3183 624 3466 729 possit.¹

771 761 939 854 Quae
969 761 1116 831 filio
1154 761 1452 831 familias
1481 758 1846 830 donantur
1870 785 1912 829 a
1951 774 2240 856 parente
2284 762 2438 854 ejus
2481 761 2972 854 acquiruntur.
3009 760 3472 855 Excipiuntur

672 914 825 984 quae
862 912 901 958 a
940 887 1357 982 parentibus
1393 887 1499 958 vel
1541 885 1851 983 cognatis
1891 886 1964 955 in
2001 886 2251 955 militia
2288 886 2516 984 agenti
2555 887 2938 957 donantur.
2982 885 3135 957 Haec
3173 887 3362 956 enim
3396 887 3470 956 in

673 1015 1003 1088 castrensi
1055 1014 1334 1108 peculio
1382 1026 1551 1083 sunt
1572 998 1621 1081 ².
1664 1009 1833 1102 Quae
1886 1036 1923 1080 a
1982 1012 2301 1106 principe
2352 1012 2680 1107 palatinis
2729 1011 3092 1083 donantur
3146 1013 3220 1081 in
3270 1014 3470 1108 quasi

674 1141 1001 1212 castrensi
1060 1139 1338 1234 peculio
1392 1152 1580 1208 sunt.
1605 1125 1632 1168 3

776 1268 934 1337 Aliae
992 1264 1412 1336 donationes
1452 1290 1490 1333 a
1544 1264 1862 1360 quolibet
1919 1264 2105 1334 factae
2159 1265 2232 1332 in
2278 1264 2555 1357 peculio
2607 1265 2995 1337 adventitio
3048 1278 3216 1333 sunt
3268 1265 3474 1358 cujus

676 1410 1000 1465 naturam
1056 1416 1272 1487 supra
1321 1390 1785 1462 ostendimus.

778 1519 1204 1591 Donationes
1260 1520 1333 1589 in
1388 1543 1669 1589 servum
1739 1517 1997 1588 collatae
2055 1517 2229 1586 servi
2290 1516 2588 1586 domino
2653 1504 3021 1611 prosunt4.
3083 1517 3338 1587 Servus
3398 1517 3470 1587 in

676 1673 820 1743 quo
866 1648 1396 1718 usumfructum
1432 1645 1683 1729 habeS‚
1727 1669 1835 1714 res
1881 1623 2015 1713 sibi
2053 1644 2348 1713 donatas
2379 1643 2710 1730 domino,
2757 1670 2900 1714 non
2938 1644 3111 1729 tibi,
3142 1643 3468 1738 acquirit.

781 1776 951 1844 ltem
995 1798 1104 1844 res
1145 1774 1207 1842 ei
1253 1773 1377 1868 qui
1423 1796 1462 1842 a
1507 1785 1577 1841 te
1621 1771 1807 1841 bona
1854 1770 1997 1841 fide
2035 1770 2436 1865 possidetur
2472 1770 2741 1842 donatae
2783 1770 2871 1841 ad
2919 1772 3152 1866 ipsum
3198 1770 3251 1839 si
3295 1771 3472 1840 liber

677 1916 810 1986 est,
866 1899 956 1971 ad
1008 1900 1387 1970 (lominum
1441 1899 1495 1967 si
1553 1923 1795 1968 servus
1846 1897 2116 1967 alienus
2168 1912 2309 1984 est,
2365 1887 2791 1992 pertinent.⁵

778 2029 1054 2096 Donare
1082 2039 1151 2095 et
1180 2023 1493 2119 accipere
1531 2037 1830 2118 possunt
1871 2023 2214 2120 peregrini
2254 2023 2460 2094 sicuti
2501 2024 2713 2110 cich‚
2745 2023 3036 2094 donatio
3068 2026 3250 2096 inter
3281 2027 3474 2098 vivos

677 2154 866 2223 enim
922 2177 1066 2223 non
1107 2165 1250 2222 tam
1290 2151 1456 2244 jure
1496 2150 1683 2220 civili
1733 2151 2223 2220 auctoritatem
2278 2150 2597 2220 obtinuit
2643 2174 2861 2246 quam
2914 2151 3070 2244 jure
3106 2140 3473 2248 gentium6

673 2294 741 2349 et
778 2278 1037 2349 nostris
1080 2275 1530 2370 temporibus
1588 2299 1733 2343 non
1769 2275 1919 2368 jam
1970 2274 2203 2345 utitur
2246 2274 2767 2368 mancipatione
2812 2300 2963 2371 quae
3001 2300 3041 2346 a
3090 2277 3255 2346 solis
3302 2279 3471 2348 civi-

676 2405 810 2476 bus
864 2400 1291 2499 perficienda
1344 2415 1493 2471 erat
1543 2414 1613 2470 et
1664 2399 2004 2494 stipulare
2055 2400 2162 2469 vel
2218 2401 2633 2494 promittere
2687 2415 2984 2494 possunt
3037 2427 3303 2473 omnes.

778 2532 934 2603 Non
989 2530 1171 2599 valet
1214 2526 1507 2597 donatio
1556 2527 1738 2597 inter
1795 2526 1987 2597 vivos
2026 2551 2191 2596 cum
2238 2526 2471 2596 obstat
2519 2527 2754 2597 unitas
2797 2552 3106 2622 personae
3147 2527 3478 2601 donantis

677 2674 747 2730 et
785 2657 1211 2753 accipientis.
1249 2656 1349 2726 lta
1392 2679 1536 2725 non
1584 2654 1765 2725 valet
1802 2652 2093 2724 donatio
2144 2654 2324 2724 inter
2359 2667 2630 2748 patrem
2671 2667 2739 2723 et
2781 2652 3012 2724 filium
3062 2681 3206 2725 non
3240 2681 3478 2728 eman—

678 2772 1059 2880 cipatum⁷.
1108 2781 1275 2874 Quae
1316 2779 1812 2876 paterfamilias
1864 2776 2013 2848 filio
2053 2803 2182 2849 suo
2227 2777 2448 2849 donat
2490 2793 2655 2849 sunt
2712 2779 2784 2849 in
2833 2781 3111 2875 peculio
3151 2784 3480 2877 profecti-

679 2913 779 2983 tio
820 2910 1028 3006 cujus
1068 2907 1262 2979 filius
1306 2905 1993 2978 administrationem
2035 2919 2317 2976 tantum
2355 2906 2605 2989 habet,
2659 2931 2800 2976 non
2850 2896 3325 2978 dominium.⁸

782 3036 1039 3109 Eadem
1089 3036 1361 3107 ratione
1398 3059 1542 3106 non
1598 3034 1873 3105 valebat
1914 3033 2204 3104 donatio
2245 3035 2429 3105 inter
2472 3034 2839 3132 conjuges»,
2878 3035 3150 3131 quippe
3190 3062 3365 3108 uxor
3404 3038 3478 3109 in

684 3191 977 3236 manum
1043 3162 1469 3234 conveniens
1512 3160 1759 3232 eodem
1805 3163 1961 3231 loco
2008 3175 2156 3231 erat
2204 3162 2356 3233 viro
2397 3185 2542 3255 quo
2601 3159 2747 3232 filia
2789 3163 3104 3233 familias
3146 3163 3477 3235 Obsoleta

683 3294 753 3362 in
812 3316 1105 3362 manum
1161 3289 1662 3376 conventione,
1724 3313 1954 3384 quum
2013 3302 2246 3358 tamen
2303 3311 2441 3357 usu
2486 3303 2847 3384 receptum
2902 3304 3076 3360 esset
3130 3305 3211 3361 ut
3259 3290 3480 3361 dona-

680 3419 909 3488 tiones
959 3417 1142 3485 inter
1201 3415 1535 3511 conjuges
1584 3413 1960 3509 prohibitae
2016 3427 2417 3498 manerent,
2474 3413 2642 3482 alias
2695 3415 2999 3485 rationes
3056 3416 3480 3513 excogitave-

766 3755 805 3785 ι.
846 3728 892 3801 ᾗ.
926 3734 973 3785 3.
1015 3729 1186 3785 Consi.
1223 3752 1282 3796 7,
1316 3728 1406 3795 C.,
1439 3729 1502 3796 V,
1539 3750 1613 3795 70.

761 3857 803 3887 α.
845 3836 927 3888 Fr.
968 3856 1015 3888 11
1039 3873 1053 3901 ‚
1088 3835 1183 3901 D.‚
1215 3833 1291 3887 De
1324 3832 1557 3888 castrensi
1590 3832 1745 3903 pecul.
1778 3832 1954 3898 XLIX,
1994 3852 2064 3896 ¹7·

758 3940 804 3990 3.
847 3937 1016 3991 Consi.
1050 3956 1165 4004 un.‚
1199 3934 1291 4002 C.‚
1323 3936 1399 3990 De
1431 3947 1663 3990 castrens.
1697 3954 1833 3988 omn.
1865 3934 2017 4005 palat.
2050 3934 2173 4000 ΧΠ,
2204 3936 2282 3987 31.

757 4044 805 4106 4.
844 4035 891 4108 §.
924 4041 970 4093 3.
1004 4038 1157 4105 Inst„
1188 4037 1286 4092 Per
1314 4057 1363 4107 q.
1397 4058 1445 4109 p.
1477 4037 1555 4103 11,
1588 4055 1635 4108 9.

760 4146 803 4194 5.
845 4136 891 4210 5.
917 4144 980 4209 4,
1004 4142 1155 4207 lust„
1189 4139 1282 4193 loc.
1313 4139 1394 4193 cit.

758 4246 807 4297 6.
849 4243 1098 4299 Heineecii
1124 4244 1281 4297 Elem.
1313 4244 1407 4321 jur.
1443 4241 1518 4311 H,
1552 4262 1599 4307 ⁴7.

763 4367 808 4411 7.
849 4347 932 4400 Fr.
969 4369 1026 4412 1,
1065 4341 1111 4415 5.
1152 4368 1208 4412 ι,
1240 4344 1336 4412 Β.,
1372 4363 1463 4415 pro
1502 4345 1619 4399 don.
1650 4342 1789 4409 XLI,
1820 4344 1869 4397 6.

759 4453 805 4503 8.
846 4445 891 4517 5.
924 4470 978 4515 ι,
1010 4448 1237 4516 lnst.11,
1269 4467 1315 4521 9.
