<?xml version="1.0" encoding="UTF-8"?>
<!DOCTYPE html PUBLIC "-//W3C//DTD XHTML 1.0 Transitional//EN"
    "http://www.w3.org/TR/xhtml1/DTD/xhtml1-transitional.dtd">
<html xmlns="http://www.w3.org/1999/xhtml" xml:lang="en" lang="en">
 <head>
  <title>
</title>
<meta http-equiv="Content-Type" content="text/html;charset=utf-8" />
  <meta name='ocr-system' content='tesseract 3.04.00' />
  <meta name='ocr-capabilities' content='ocr_page ocr_carea ocr_par ocr_line ocrx_word'/>
</head>
<body>
  <div class='ocr_page' id='page_1' title='image "./diesinterpellat00beckgoog_0647.png"; bbox 0 0 4782 6002; ppageno 0'>
   <div class='ocr_carea' id='block_1_1' title="bbox 378 583 3861 4874">
    <p class='ocr_par' dir='ltr' id='par_1_1' title="bbox 422 583 3769 1098">
     <span class='ocr_line' id='line_1_1' title="bbox 422 583 3755 714; baseline -0.006 -22"><span class='ocrx_word' id='word_1_1' title='bbox 422 624 544 714; x_wconf 88' lang='lat' dir='ltr'><strong>qni</strong></span> <span class='ocrx_word' id='word_1_2' title='bbox 575 619 709 691; x_wconf 84' lang='lat' dir='ltr'><strong>sibi</strong></span> <span class='ocrx_word' id='word_1_3' title='bbox 742 614 1239 698; x_wconf 75' lang='lat' dir='ltr'><strong>conciliassent,</strong></span> <span class='ocrx_word' id='word_1_4' title='bbox 1273 591 1358 680; x_wconf 44' lang='lat' dir='ltr'><strong>&#39;ea</strong></span> <span class='ocrx_word' id='word_1_5' title='bbox 1391 606 1824 700; x_wconf 78' lang='lat' dir='ltr'><strong>potissimum</strong></span> <span class='ocrx_word' id='word_1_6' title='bbox 1849 601 1939 674; x_wconf 89' lang='lat' dir='ltr'><strong>de</strong></span> <span class='ocrx_word' id='word_1_7' title='bbox 1971 599 2199 691; x_wconf 72' lang='lat' dir='ltr'><strong>causa,</strong></span> <span class='ocrx_word' id='word_1_8' title='bbox 2231 610 2310 671; x_wconf 92' lang='lat' dir='ltr'><strong>ut</strong></span> <span class='ocrx_word' id='word_1_9' title='bbox 2338 626 2467 696; x_wconf 89' lang='lat' dir='ltr'><strong>per</strong></span> <span class='ocrx_word' id='word_1_10' title='bbox 2498 603 2657 673; x_wconf 84' lang='lat' dir='ltr'><strong>illos</strong></span> <span class='ocrx_word' id='word_1_11' title='bbox 2685 583 3046 697; x_wconf 78' lang='lat' dir='ltr'><strong>pecuniam</strong></span> <span class='ocrx_word' id='word_1_12' title='bbox 3082 609 3452 681; x_wconf 76' lang='lat' dir='ltr'><strong>tribulibus</strong></span> <span class='ocrx_word' id='word_1_13' title='bbox 3488 591 3755 704; x_wconf 84' lang='lat' dir='ltr'><strong>disper..</strong></span> 
     </span>
     <span class='ocr_line' id='line_1_2' title="bbox 422 735 3758 830; baseline -0.002 -8"><span class='ocrx_word' id='word_1_14' title='bbox 422 754 634 821; x_wconf 88' lang='lat' dir='ltr'><strong>tirent</strong></span> <span class='ocrx_word' id='word_1_15' title='bbox 665 769 747 817; x_wconf 87' lang='lat' dir='ltr'><strong>ac</strong></span> <span class='ocrx_word' id='word_1_16' title='bbox 780 745 917 815; x_wconf 88' lang='lat' dir='ltr'><strong>sibi</strong></span> <span class='ocrx_word' id='word_1_17' title='bbox 949 752 1190 812; x_wconf 88' lang='lat' dir='ltr'><strong>mutuo</strong></span> <span class='ocrx_word' id='word_1_18' title='bbox 1228 738 1472 810; x_wconf 86' lang='lat' dir='ltr'><strong>eadem</strong></span> <span class='ocrx_word' id='word_1_19' title='bbox 1511 735 2017 830; x_wconf 75' lang='lat' dir='ltr'><strong>suffragationis</strong></span> <span class='ocrx_word' id='word_1_20' title='bbox 2056 744 2324 829; x_wconf 79' lang='lat' dir='ltr'><strong>emptae</strong></span> <span class='ocrx_word' id='word_1_21' title='bbox 2360 737 2711 829; x_wconf 86' lang='lat' dir='ltr'><strong>praesidia</strong></span> <span class='ocrx_word' id='word_1_22' title='bbox 2753 742 3331 809; x_wconf 83' lang='lat' dir='ltr'><strong>communicarent</strong></span> <span class='ocrx_word' id='word_1_23' title='bbox 3346 739 3398 809; x_wconf 88' lang='lat'><strong>”.</strong></span> <span class='ocrx_word' id='word_1_24' title='bbox 3466 744 3624 829; x_wconf 73' lang='lat' dir='ltr'><strong>Qua</strong></span> <span class='ocrx_word' id='word_1_25' title='bbox 3669 746 3758 815; x_wconf 86' lang='lat' dir='ltr'><strong>de</strong></span> 
     </span>
     <span class='ocr_line' id='line_1_3' title="bbox 428 867 3761 972; baseline -0.003 -21"><span class='ocrx_word' id='word_1_26' title='bbox 428 884 588 972; x_wconf 88' lang='lat' dir='ltr'><strong>lege</strong></span> <span class='ocrx_word' id='word_1_27' title='bbox 629 877 765 945; x_wconf 89' lang='lat' dir='ltr'><strong>Ed.</strong></span> <span class='ocrx_word' id='word_1_28' title='bbox 791 872 1194 943; x_wconf 88' lang='lat' dir='ltr'><strong>Wunderus</strong></span> <span class='ocrx_word' id='word_1_29' title='bbox 1220 870 1295 937; x_wconf 91' lang='lat' dir='ltr'><strong>in</strong></span> <span class='ocrx_word' id='word_1_30' title='bbox 1325 867 1847 961; x_wconf 87' lang='lat' dir='ltr'><strong>Prolegomeuis</strong></span> <span class='ocrx_word' id='word_1_31' title='bbox 1880 867 1970 935; x_wconf 89' lang='lat' dir='ltr'><strong>ad</strong></span> <span class='ocrx_word' id='word_1_32' title='bbox 2002 867 2426 958; x_wconf 88' lang='lat' dir='ltr'><strong>praeclaram</strong></span> <span class='ocrx_word' id='word_1_33' title='bbox 2460 889 2651 936; x_wconf 91' lang='lat' dir='ltr'><strong>suam</strong></span> <span class='ocrx_word' id='word_1_34' title='bbox 2688 868 3095 938; x_wconf 88' lang='lat' dir='ltr'><strong>Plancianae</strong></span> <span class='ocrx_word' id='word_1_35' title='bbox 3132 871 3506 941; x_wconf 80' lang='lat' dir='ltr'><strong>editionem</strong></span> <span class='ocrx_word' id='word_1_36' title='bbox 3540 875 3761 967; x_wconf 85' lang='lat' dir='ltr'><strong>(Lips.</strong></span> 
     </span>
     <span class='ocr_line' id='line_1_4' title="bbox 428 995 3769 1098; baseline -0.001 -23"><span class='ocrx_word' id='word_1_37' title='bbox 428 1007 626 1081; x_wconf 67' lang='lat'><strong>1831)</strong></span> <span class='ocrx_word' id='word_1_38' title='bbox 664 1004 855 1098; x_wconf 87' lang='lat' dir='ltr'><strong>apud</strong></span> <span class='ocrx_word' id='word_1_39' title='bbox 895 1004 1428 1084; x_wconf 87' lang='lat' dir='ltr'><strong>Hartmannum‚</strong></span> <span class='ocrx_word' id='word_1_40' title='bbox 1477 997 1576 1088; x_wconf 87' lang='grc'><strong>4)</strong></span> <span class='ocrx_word' id='word_1_41' title='bbox 1625 1020 1693 1088; x_wconf 87' lang='lat' dir='ltr'><strong>p.</strong></span> <span class='ocrx_word' id='word_1_42' title='bbox 1740 995 2009 1064; x_wconf 86' lang='lat' dir='ltr'><strong>LXXII</strong></span> <span class='ocrx_word' id='word_1_43' title='bbox 2054 1017 2244 1085; x_wconf 90' lang='lat' dir='ltr'><strong>seqq.</strong></span> <span class='ocrx_word' id='word_1_44' title='bbox 2291 1005 2459 1063; x_wconf 89' lang='lat' dir='ltr'><strong>tam·</strong></span> <span class='ocrx_word' id='word_1_45' title='bbox 2499 1008 2818 1067; x_wconf 87' lang='lat' dir='ltr'><strong>accurate</strong></span> <span class='ocrx_word' id='word_1_46' title='bbox 2869 999 3057 1091; x_wconf 88' lang='lat' dir='ltr'><strong>egit,</strong></span> <span class='ocrx_word' id='word_1_47' title='bbox 3110 1008 3185 1067; x_wconf 91' lang='lat' dir='ltr'><strong>ut</strong></span> <span class='ocrx_word' id='word_1_48' title='bbox 3218 1003 3568 1072; x_wconf 85' lang='lat' dir='ltr'><strong>remittere</strong></span> <span class='ocrx_word' id='word_1_49' title='bbox 3602 1005 3769 1073; x_wconf 90' lang='lat' dir='ltr'><strong>illuc</strong></span> 
     </span>
    </p>

    <p class='ocr_par' dir='ltr' id='par_1_2' title="bbox 378 1127 3861 3440">
     <span class='ocr_line' id='line_1_5' title="bbox 570 1127 3767 1227; baseline -0.002 -18"><span class='ocrx_word' id='word_1_50' title='bbox 570 1160 727 1209; x_wconf 88' lang='lat' dir='ltr'><strong>ores</strong></span> <span class='ocrx_word' id='word_1_51' title='bbox 774 1135 1071 1227; x_wconf 83' lang='lat' dir='ltr'><strong>possim3</strong></span> <span class='ocrx_word' id='word_1_52' title='bbox 1121 1130 1299 1198; x_wconf 92' lang='lat' dir='ltr'><strong>illud</strong></span> <span class='ocrx_word' id='word_1_53' title='bbox 1329 1150 1623 1219; x_wconf 76' lang='lat' dir='ltr'><strong>,quoque</strong></span> <span class='ocrx_word' id='word_1_54' title='bbox 1675 1136 1864 1197; x_wconf 90' lang='lat' dir='ltr'><strong>recte</strong></span> <span class='ocrx_word' id='word_1_55' title='bbox 1911 1134 2148 1202; x_wconf 75' lang='lat' dir='ltr'><strong>contra</strong></span> <span class='ocrx_word' id='word_1_56' title='bbox 2192 1127 2589 1196; x_wconf 73' lang='lat' dir='ltr'><strong>Munatium</strong></span> <span class='ocrx_word' id='word_1_57' title='bbox 2637 1128 3154 1220; x_wconf 78' lang='lat' dir='ltr'><strong>Graeviumque</strong></span> <span class='ocrx_word' id='word_1_58' title='bbox 3207 1134 3510 1221; x_wconf 88' lang='lat' dir='ltr'><strong>monuit,</strong></span> <span class='ocrx_word' id='word_1_59' title='bbox 3576 1133 3767 1204; x_wconf 88' lang='lat' dir='ltr'><strong>haud</strong></span> 
     </span>
     <span class='ocr_line' id='line_1_6' title="bbox 412 1141 3768 1351; baseline -0.002 -10"><span class='ocrx_word' id='word_1_60' title='bbox 412 1141 990 1341; x_wconf 35' lang='lat' dir='ltr'><strong>commendam</strong></span> <span class='ocrx_word' id='word_1_61' title='bbox 1027 1251 1194 1330; x_wconf 64' lang='lat' dir='ltr'><strong>cum&#39;</strong></span> <span class='ocrx_word' id='word_1_62' title='bbox 1224 1259 1590 1328; x_wconf 76' lang='lat' dir='ltr'><strong>sodalitate</strong></span> <span class='ocrx_word' id='word_1_63' title='bbox 1629 1247 2038 1344; x_wconf 71' lang='lat' dir='ltr'><strong>coitionem,</strong></span> <span class='ocrx_word' id='word_1_64' title='bbox 2088 1280 2266 1346; x_wconf 90' lang='lat' dir='ltr'><strong>quae</strong></span> <span class='ocrx_word' id='word_1_65' title='bbox 2300 1258 2478 1328; x_wconf 89' lang='lat' dir='ltr'><strong>inter</strong></span> <span class='ocrx_word' id='word_1_66' title='bbox 2517 1258 2710 1348; x_wconf 88' lang='lat' dir='ltr'><strong>ipsos</strong></span> <span class='ocrx_word' id='word_1_67' title='bbox 2750 1261 3154 1330; x_wconf 88' lang='lat' dir='ltr'><strong>candidatos</strong></span> <span class='ocrx_word' id='word_1_68' title='bbox 3200 1263 3431 1350; x_wconf 84' lang='lat' dir='ltr'><strong>fieret,</strong></span> <span class='ocrx_word' id='word_1_69' title='bbox 3482 1273 3561 1332; x_wconf 90' lang='lat' dir='ltr'><strong>ut</strong></span> <span class='ocrx_word' id='word_1_70' title='bbox 3590 1288 3651 1334; x_wconf 87' lang='lat' dir='ltr'><strong>v.</strong></span> <span class='ocrx_word' id='word_1_71' title='bbox 3670 1287 3768 1351; x_wconf 91' lang='lat' dir='ltr'><strong>c.‚</strong></span> 
     </span>
     <span class='ocr_line' id='line_1_7' title="bbox 433 1379 3768 1485; baseline -0.001 -16"><span class='ocrx_word' id='word_1_72' title='bbox 433 1409 511 1468; x_wconf 89' lang='lat' dir='ltr'><strong>ut</strong></span> <span class='ocrx_word' id='word_1_73' title='bbox 533 1421 669 1468; x_wconf 89' lang='lat' dir='ltr'><strong>uno</strong></span> <span class='ocrx_word' id='word_1_74' title='bbox 702 1401 979 1477; x_wconf 82' lang='lat' dir='ltr'><strong>tautum,</strong></span> <span class='ocrx_word' id='word_1_75' title='bbox 1019 1390 1210 1478; x_wconf 89' lang='lat' dir='ltr'><strong>quod</strong></span> <span class='ocrx_word' id='word_1_76' title='bbox 1232 1379 1641 1480; x_wconf 80' lang='lat' dir='ltr'><strong>praetermis</strong></span> <span class='ocrx_word' id='word_1_77' title='bbox 1674 1388 1731 1453; x_wconf 90' lang='lat' dir='ltr'><strong>it</strong></span> <span class='ocrx_word' id='word_1_78' title='bbox 1760 1387 1904 1472; x_wconf 90' lang='lat' dir='ltr'><strong>ille,</strong></span> <span class='ocrx_word' id='word_1_79' title='bbox 1944 1387 2261 1477; x_wconf 83' lang='lat' dir='ltr'><strong>exemplo</strong></span> <span class='ocrx_word' id='word_1_80' title='bbox 2295 1395 2472 1473; x_wconf 90' lang='lat' dir='ltr'><strong>utar,</strong></span> <span class='ocrx_word' id='word_1_81' title='bbox 2518 1388 2821 1457; x_wconf 88' lang='lat' dir='ltr'><strong>Asconio</strong></span> <span class='ocrx_word' id='word_1_82' title='bbox 2848 1397 3016 1459; x_wconf 91' lang='lat' dir='ltr'><strong>teste</strong></span> <span class='ocrx_word' id='word_1_83' title='bbox 3055 1388 3437 1485; x_wconf 55' lang='lat' dir='ltr'><strong>in’Argum.</strong></span> <span class='ocrx_word' id='word_1_84' title='bbox 3469 1393 3662 1463; x_wconf 86' lang='lat' dir='ltr'><strong>Orat.</strong></span> <span class='ocrx_word' id='word_1_85' title='bbox 3696 1397 3768 1464; x_wconf 89' lang='lat' dir='ltr'><strong>in</strong></span> 
     </span>
     <span class='ocr_line' id='line_1_8' title="bbox 432 1516 3769 1620; baseline -0.001 -23"><span class='ocrx_word' id='word_1_86' title='bbox 432 1530 638 1620; x_wconf 86' lang='lat' dir='ltr'><strong>Toga</strong></span> <span class='ocrx_word' id='word_1_87' title='bbox 655 1524 871 1594; x_wconf 88' lang='lat' dir='ltr'><strong>Cand.</strong></span> <span class='ocrx_word' id='word_1_88' title='bbox 889 1572 909 1608; x_wconf 93' lang='lat'><strong>,</strong></span> <span class='ocrx_word' id='word_1_89' title='bbox 944 1520 1235 1590; x_wconf 78' lang='lat' dir='ltr'><strong>Catilina</strong></span> <span class='ocrx_word' id='word_1_90' title='bbox 1261 1525 1330 1588; x_wconf 86' lang='lat' dir='ltr'><strong>et</strong></span> <span class='ocrx_word' id='word_1_91' title='bbox 1360 1517 1691 1587; x_wconf 84' lang='lat' dir='ltr'><strong>Antonius</strong></span> <span class='ocrx_word' id='word_1_92' title='bbox 1721 1517 1811 1584; x_wconf 88' lang='lat' dir='ltr'><strong>ad</strong></span> <span class='ocrx_word' id='word_1_93' title='bbox 1845 1516 2331 1606; x_wconf 88' lang='lat' dir='ltr'><strong>depellendum</strong></span> <span class='ocrx_word' id='word_1_94' title='bbox 2370 1518 2727 1587; x_wconf 82' lang='lat' dir='ltr'><strong>consulatu</strong></span> <span class='ocrx_word' id='word_1_95' title='bbox 2765 1516 3171 1589; x_wconf 83' lang='lat' dir='ltr'><strong>Ciceronem</strong></span> <span class='ocrx_word' id='word_1_96' title='bbox 3209 1522 3548 1605; x_wconf 81' lang='lat' dir='ltr'><strong>coierant3</strong></span> <span class='ocrx_word' id='word_1_97' title='bbox 3600 1543 3769 1612; x_wconf 88' lang='lat' dir='ltr'><strong>quas</strong></span> 
     </span>
     <span class='ocr_line' id='line_1_9' title="bbox 432 1644 3821 1745; baseline -0.002 -18"><span class='ocrx_word' id='word_1_98' title='bbox 432 1668 661 1727; x_wconf 85' lang='lat' dir='ltr'><strong>tamen</strong></span> <span class='ocrx_word' id='word_1_99' title='bbox 695 1664 766 1724; x_wconf 88' lang='lat' dir='ltr'><strong>et</strong></span> <span class='ocrx_word' id='word_1_100' title='bbox 797 1656 984 1745; x_wconf 85' lang='lat' dir='ltr'><strong>ipsas</strong></span> <span class='ocrx_word' id='word_1_101' title='bbox 1017 1651 1169 1744; x_wconf 84' lang='lat' dir='ltr'><strong>jam</strong></span> <span class='ocrx_word' id='word_1_102' title='bbox 1202 1648 1418 1717; x_wconf 87' lang='lat' dir='ltr'><strong>multo</strong></span> <span class='ocrx_word' id='word_1_103' title='bbox 1449 1657 1603 1717; x_wconf 87' lang='lat' dir='ltr'><strong>ante</strong></span> <span class='ocrx_word' id='word_1_104' title='bbox 1635 1646 1834 1738; x_wconf 82' lang='lat' dir='ltr'><strong>(Liv.</strong></span> <span class='ocrx_word' id='word_1_105' title='bbox 1867 1646 1985 1714; x_wconf 86' lang='lat' dir='ltr'><strong>IX.</strong></span> <span class='ocrx_word' id='word_1_106' title='bbox 2018 1644 2165 1736; x_wconf 80' lang='lat'><strong>26)</strong></span> <span class='ocrx_word' id='word_1_107' title='bbox 2207 1648 2536 1717; x_wconf 79' lang='lat' dir='ltr'><strong>adversus</strong></span> <span class='ocrx_word' id='word_1_108' title='bbox 2559 1645 3095 1741; x_wconf 87' lang='lat' dir='ltr'><strong>Rempublicam</strong></span> <span class='ocrx_word' id='word_1_109' title='bbox 3126 1673 3272 1720; x_wconf 90' lang='lat' dir='ltr'><strong>esse</strong></span> <span class='ocrx_word' id='word_1_110' title='bbox 3291 1653 3579 1722; x_wconf 89' lang='lat' dir='ltr'><strong>Senatus</strong></span> <span class='ocrx_word' id='word_1_111' title='bbox 3604 1675 3767 1723; x_wconf 88' lang='lat' dir='ltr'><strong>cen·</strong></span> <span class='ocrx_word' id='word_1_112' title='bbox 3812 1715 3821 1720; x_wconf 81' lang='grc'>.</span> 
     </span>
     <span class='ocr_line' id='line_1_10' title="bbox 435 1777 3770 1877; baseline -0.001 -19"><span class='ocrx_word' id='word_1_113' title='bbox 435 1795 705 1868; x_wconf 86' lang='lat' dir='ltr'><strong>suerat3</strong></span> <span class='ocrx_word' id='word_1_114' title='bbox 755 1781 1142 1877; x_wconf 84' lang='lat' dir='ltr'><strong>largitionis</strong></span> <span class='ocrx_word' id='word_1_115' title='bbox 1175 1802 1310 1871; x_wconf 91' lang='lat' dir='ltr'><strong>ope</strong></span> <span class='ocrx_word' id='word_1_116' title='bbox 1344 1800 1499 1849; x_wconf 86' lang='lat' dir='ltr'><strong>usas</strong></span> <span class='ocrx_word' id='word_1_117' title='bbox 1537 1800 1686 1848; x_wconf 88' lang='lat' dir='ltr'><strong>esse</strong></span> <span class='ocrx_word' id='word_1_118' title='bbox 1720 1777 2302 1846; x_wconf 87' lang='lat' dir='ltr'><strong>luculentissimus</strong></span> <span class='ocrx_word' id='word_1_119' title='bbox 2346 1779 2597 1870; x_wconf 88' lang='lat' dir='ltr'><strong>probat</strong></span> <span class='ocrx_word' id='word_1_120' title='bbox 2631 1780 2985 1850; x_wconf 82' lang='lat' dir='ltr'><strong>Ciceronis</strong></span> <span class='ocrx_word' id='word_1_121' title='bbox 3030 1782 3221 1851; x_wconf 90' lang='lat' dir='ltr'><strong>locus</strong></span> <span class='ocrx_word' id='word_1_122' title='bbox 3260 1783 3480 1874; x_wconf 82' lang='lat' dir='ltr'><strong>Epist.</strong></span> <span class='ocrx_word' id='word_1_123' title='bbox 3515 1784 3606 1852; x_wconf 86' lang='lat' dir='ltr'><strong>ad</strong></span> <span class='ocrx_word' id='word_1_124' title='bbox 3639 1785 3770 1870; x_wconf 79' lang='lat' dir='ltr'><strong>Qu.</strong></span> 
     </span>
     <span class='ocr_line' id='line_1_11' title="bbox 435 1907 3861 2008; baseline -0.001 -23"><span class='ocrx_word' id='word_1_125' title='bbox 435 1910 812 1985; x_wconf 80' lang='lat' dir='ltr'><strong>Fr.11.15:</strong></span> <span class='ocrx_word' id='word_1_126' title='bbox 862 1962 909 1987; x_wconf 89' lang='lat'><em>„</em></span> <span class='ocrx_word' id='word_1_127' title='bbox 932 1911 1248 1982; x_wconf 84' lang='lat' dir='ltr'><strong>Ambitus</strong></span> <span class='ocrx_word' id='word_1_128' title='bbox 1288 1909 1472 1979; x_wconf 88' lang='lat' dir='ltr'><strong>redit</strong></span> <span class='ocrx_word' id='word_1_129' title='bbox 1503 1907 1861 2008; x_wconf 80' lang='lat' dir='ltr'><strong>immanis3</strong></span> <span class='ocrx_word' id='word_1_130' title='bbox 1914 1928 2254 1997; x_wconf 89' lang='lat' dir='ltr'><strong>uunquam</strong></span> <span class='ocrx_word' id='word_1_131' title='bbox 2288 1910 2419 1977; x_wconf 82' lang='lat' dir='ltr'><strong>fuit</strong></span> <span class='ocrx_word' id='word_1_132' title='bbox 2449 1932 2617 2000; x_wconf 82' lang='lat' dir='ltr'><strong>par:</strong></span> <span class='ocrx_word' id='word_1_133' title='bbox 2665 1910 2845 1979; x_wconf 89' lang='lat' dir='ltr'><strong>Idib.</strong></span> <span class='ocrx_word' id='word_1_134' title='bbox 2870 1912 3142 1997; x_wconf 81' lang='lat' dir='ltr'><strong>Quinct.</strong></span> <span class='ocrx_word' id='word_1_135' title='bbox 3177 1912 3415 1981; x_wconf 82' lang='lat' dir='ltr'><strong>foenus</strong></span> <span class='ocrx_word' id='word_1_136' title='bbox 3446 1914 3578 1980; x_wconf 72' lang='lat' dir='ltr'><strong>tuit</strong></span> <span class='ocrx_word' id='word_1_137' title='bbox 3609 1914 3767 1983; x_wconf 86' lang='lat' dir='ltr'><strong>bes·</strong></span> <span class='ocrx_word' id='word_1_138' title='bbox 3854 1981 3861 1990; x_wconf 83' lang='grc'><strong>,</strong></span> 
     </span>
     <span class='ocr_line' id='line_1_12' title="bbox 439 2038 3819 2130; baseline -0.001 -15"><span class='ocrx_word' id='word_1_139' title='bbox 439 2046 633 2116; x_wconf 89' lang='lat' dir='ltr'><strong>sibus</strong></span> <span class='ocrx_word' id='word_1_140' title='bbox 677 2065 763 2112; x_wconf 81' lang='lat' dir='ltr'><strong>ex</strong></span> <span class='ocrx_word' id='word_1_141' title='bbox 797 2043 1050 2110; x_wconf 85' lang='lat' dir='ltr'><strong>triente</strong></span> <span class='ocrx_word' id='word_1_142' title='bbox 1085 2040 1386 2110; x_wconf 88' lang='lat' dir='ltr'><strong>coitione</strong></span> <span class='ocrx_word' id='word_1_143' title='bbox 1421 2038 1785 2125; x_wconf 88' lang='lat' dir='ltr'><strong>Memmii,</strong></span> <span class='ocrx_word' id='word_1_144' title='bbox 1836 2059 2041 2127; x_wconf 87' lang='lat' dir='ltr'><strong>quam</strong></span> <span class='ocrx_word' id='word_1_145' title='bbox 2079 2059 2236 2107; x_wconf 87' lang='lat' dir='ltr'><strong>cum</strong></span> <span class='ocrx_word' id='word_1_146' title='bbox 2266 2039 2574 2108; x_wconf 87' lang='lat' dir='ltr'><strong>Domitio</strong></span> <span class='ocrx_word' id='word_1_147' title='bbox 2628 2041 2799 2110; x_wconf 80' lang='lat' dir='ltr'><strong>fecit</strong></span> <span class='ocrx_word' id='word_1_148' title='bbox 2823 2091 2844 2126; x_wconf 82' lang='lat'><strong>,</strong></span> <span class='ocrx_word' id='word_1_149' title='bbox 2892 2041 3227 2111; x_wconf 87' lang='lat' dir='ltr'><strong>Scaurum</strong></span> <span class='ocrx_word' id='word_1_150' title='bbox 3263 2054 3339 2110; x_wconf 91' lang='lat' dir='ltr'><strong>ut</strong></span> <span class='ocrx_word' id='word_1_151' title='bbox 3375 2040 3770 2127; x_wconf 81' lang='lat' dir='ltr'><strong>vinceret”;</strong></span> <span class='ocrx_word' id='word_1_152' title='bbox 3812 2123 3819 2130; x_wconf 35' lang='grc'>,</span> 
     </span>
     <span class='ocr_line' id='line_1_13' title="bbox 443 2169 3771 2264; baseline -0.002 -19"><span class='ocrx_word' id='word_1_153' title='bbox 443 2177 530 2245; x_wconf 73' lang='lat' dir='ltr'><strong>cf.</strong></span> <span class='ocrx_word' id='word_1_154' title='bbox 560 2176 653 2244; x_wconf 86' lang='lat' dir='ltr'><strong>ad</strong></span> <span class='ocrx_word' id='word_1_155' title='bbox 685 2174 892 2242; x_wconf 83' lang='lat' dir='ltr'><strong>Attic.</strong></span> <span class='ocrx_word' id='word_1_156' title='bbox 925 2173 1048 2241; x_wconf 86' lang='lat' dir='ltr'><strong>lv.</strong></span> <span class='ocrx_word' id='word_1_157' title='bbox 1074 2169 1189 2242; x_wconf 81' lang='lat'><strong>15.</strong></span> <span class='ocrx_word' id='word_1_158' title='bbox 1222 2172 1290 2241; x_wconf 70' lang='lat'><strong>⁷.</strong></span> <span class='ocrx_word' id='word_1_159' title='bbox 1325 2172 1720 2260; x_wconf 62' lang='lat' dir='ltr'><strong>‘Utriusque</strong></span> <span class='ocrx_word' id='word_1_160' title='bbox 1759 2171 1979 2264; x_wconf 91' lang='lat' dir='ltr'><strong>igitur</strong></span> <span class='ocrx_word' id='word_1_161' title='bbox 2015 2172 2404 2246; x_wconf 82' lang='lat' dir='ltr'><strong>communia</strong></span> <span class='ocrx_word' id='word_1_162' title='bbox 2438 2170 2883 2240; x_wconf 86' lang='lat' dir='ltr'><strong>instrumenta</strong></span> <span class='ocrx_word' id='word_1_163' title='bbox 2917 2169 3251 2239; x_wconf 88' lang='lat' dir='ltr'><strong>divisores</strong></span> <span class='ocrx_word' id='word_1_164' title='bbox 3278 2180 3348 2237; x_wconf 90' lang='lat' dir='ltr'><strong>et</strong></span> <span class='ocrx_word' id='word_1_165' title='bbox 3386 2179 3771 2261; x_wconf 87' lang='lat' dir='ltr'><strong>sequestres</strong></span> 
     </span>
     <span class='ocr_line' id='line_1_14' title="bbox 448 2297 3773 2394; baseline -0.002 -19"><span class='ocrx_word' id='word_1_166' title='bbox 448 2314 675 2392; x_wconf 86' lang='lat' dir='ltr'><strong>erant,</strong></span> <span class='ocrx_word' id='word_1_167' title='bbox 748 2324 1035 2394; x_wconf 89' lang='lat' dir='ltr'><strong>quorum</strong></span> <span class='ocrx_word' id='word_1_168' title='bbox 1092 2297 1352 2371; x_wconf 71' lang='lat' dir='ltr'><strong>tantum</strong></span> <span class='ocrx_word' id='word_1_169' title='bbox 1406 2304 1498 2369; x_wconf 88' lang='lat' dir='ltr'><strong>ad</strong></span> <span class='ocrx_word' id='word_1_170' title='bbox 1559 2305 1710 2370; x_wconf 85' lang='lat' dir='ltr'><strong>eain</strong></span> <span class='ocrx_word' id='word_1_171' title='bbox 1766 2322 1915 2368; x_wconf 89' lang='lat' dir='ltr'><strong>rem</strong></span> <span class='ocrx_word' id='word_1_172' title='bbox 1974 2307 2396 2368; x_wconf 87' lang='lat' dir='ltr'><strong>momentum</strong></span> <span class='ocrx_word' id='word_1_173' title='bbox 2448 2308 2627 2386; x_wconf 87' lang='lat' dir='ltr'><strong>erat,</strong></span> <span class='ocrx_word' id='word_1_174' title='bbox 2680 2307 2756 2367; x_wconf 91' lang='lat' dir='ltr'><strong>ut</strong></span> <span class='ocrx_word' id='word_1_175' title='bbox 2803 2299 2885 2385; x_wconf 74' lang='lat' dir='ltr'><strong>Q.</strong></span> <span class='ocrx_word' id='word_1_176' title='bbox 2910 2298 3385 2369; x_wconf 54' lang='lat' dir='ltr'><strong>Cicero‘haud</strong></span> <span class='ocrx_word' id='word_1_177' title='bbox 3423 2301 3773 2371; x_wconf 88' lang='lat' dir='ltr'><strong>dubitaret</strong></span> 
     </span>
     <span class='ocr_line' id='line_1_15' title="bbox 423 2429 3776 2550; baseline -0.001 -45"><span class='ocrx_word' id='word_1_178' title='bbox 423 2436 881 2528; x_wconf 84' lang='lat' dir='ltr'><strong>-pronuntiare</strong></span> <span class='ocrx_word' id='word_1_179' title='bbox 934 2433 1171 2524; x_wconf 80' lang='lat' dir='ltr'><strong>(XIV.</strong></span> <span class='ocrx_word' id='word_1_180' title='bbox 1226 2430 1367 2522; x_wconf 79' lang='lat'><strong>9),</strong></span> <span class='ocrx_word' id='word_1_181' title='bbox 1429 2433 1489 2499; x_wconf 84' lang='lat' dir='ltr'><strong>si</strong></span> <span class='ocrx_word' id='word_1_182' title='bbox 1539 2432 2007 2520; x_wconf 80' lang='lat' dir='ltr'><strong>sequestribus</strong></span> <span class='ocrx_word' id='word_1_183' title='bbox 2068 2438 2288 2498; x_wconf 86' lang='lat' dir='ltr'><strong>metus</strong></span> <span class='ocrx_word' id='word_1_184' title='bbox 2346 2430 2787 2522; x_wconf 86' lang='lat' dir='ltr'><strong>injiceretur,</strong></span> <span class='ocrx_word' id='word_1_185' title='bbox 2859 2429 3194 2499; x_wconf 87' lang='lat' dir='ltr'><strong>divisores</strong></span> <span class='ocrx_word' id='word_1_186' title='bbox 3246 2431 3508 2500; x_wconf 89' lang='lat' dir='ltr'><strong>ratione</strong></span> <span class='ocrx_word' id='word_1_187' title='bbox 3547 2435 3776 2550; x_wconf 41' lang='lat' dir='ltr'><strong>aliqua</strong></span> 
     </span>
     <span class='ocr_line' id='line_1_16' title="bbox 447 2559 3771 2652; baseline -0.002 -17"><span class='ocrx_word' id='word_1_188' title='bbox 447 2572 970 2648; x_wconf 67' lang='lat' dir='ltr'><strong>coemerentur,</strong></span> <span class='ocrx_word' id='word_1_189' title='bbox 1015 2563 1260 2651; x_wconf 76' lang='lat' dir='ltr'><strong>perfici</strong></span> <span class='ocrx_word' id='word_1_190' title='bbox 1293 2563 1498 2651; x_wconf 83' lang='lat' dir='ltr'><strong>p&#39;osse</strong></span> <span class='ocrx_word' id='word_1_191' title='bbox 1521 2610 1541 2647; x_wconf 93' lang='lat'><strong>,</strong></span> <span class='ocrx_word' id='word_1_192' title='bbox 1591 2568 1670 2627; x_wconf 90' lang='lat' dir='ltr'><strong>ut</strong></span> <span class='ocrx_word' id='word_1_193' title='bbox 1700 2561 1980 2652; x_wconf 81' lang='lat' dir='ltr'><strong>largitio</strong></span> <span class='ocrx_word' id='word_1_194' title='bbox 2012 2569 2131 2627; x_wconf 90' lang='lat' dir='ltr'><strong>aut</strong></span> <span class='ocrx_word' id='word_1_195' title='bbox 2156 2561 2337 2628; x_wconf 88' lang='lat' dir='ltr'><strong>nulla</strong></span> <span class='ocrx_word' id='word_1_196' title='bbox 2375 2561 2575 2627; x_wconf 85' lang='lat' dir='ltr'><strong>fieret</strong></span> <span class='ocrx_word' id='word_1_197' title='bbox 2604 2570 2716 2627; x_wconf 90' lang='lat' dir='ltr'><strong>aut</strong></span> <span class='ocrx_word' id='word_1_198' title='bbox 2752 2559 2925 2628; x_wconf 86' lang='lat' dir='ltr'><strong>nihil</strong></span> <span class='ocrx_word' id='word_1_199' title='bbox 2956 2561 3262 2648; x_wconf 79' lang='lat' dir='ltr'><strong>valeret3</strong></span> <span class='ocrx_word' id='word_1_200' title='bbox 3308 2559 3771 2652; x_wconf 84' lang='lat' dir='ltr'><strong>Marco&#39;quo-</strong></span> 
     </span>
     <span class='ocr_line' id='line_1_17' title="bbox 448 2664 3766 2792; baseline -0 -31"><span class='ocrx_word' id='word_1_201' title='bbox 448 2714 590 2783; x_wconf 86' lang='lat' dir='ltr'><strong>que</strong></span> <span class='ocrx_word' id='word_1_202' title='bbox 627 2692 841 2760; x_wconf 78' lang='lat' dir='ltr'><strong>fratre</strong></span> <span class='ocrx_word' id='word_1_203' title='bbox 881 2689 1327 2792; x_wconf 83' lang='lat' dir='ltr'><strong>astipulante,</strong></span> <span class='ocrx_word' id='word_1_204' title='bbox 1375 2691 1494 2779; x_wconf 90' lang='lat' dir='ltr'><strong>qui</strong></span> <span class='ocrx_word' id='word_1_205' title='bbox 1531 2691 1601 2759; x_wconf 88' lang='lat' dir='ltr'><strong>in</strong></span> <span class='ocrx_word' id='word_1_206' title='bbox 1651 2687 1844 2757; x_wconf 85' lang='lat' dir='ltr'><strong>Orat.</strong></span> <span class='ocrx_word' id='word_1_207' title='bbox 1892 2709 2022 2780; x_wconf 92' lang='lat' dir='ltr'><strong>pro</strong></span> <span class='ocrx_word' id='word_1_208' title='bbox 2071 2686 2147 2757; x_wconf 90' lang='lat' dir='ltr'><strong>C.</strong></span> <span class='ocrx_word' id='word_1_209' title='bbox 2201 2687 2401 2757; x_wconf 88' lang='lat' dir='ltr'><strong>Corn.</strong></span> <span class='ocrx_word' id='word_1_210' title='bbox 2453 2688 2570 2778; x_wconf 86' lang='lat' dir='ltr'><strong>(p.</strong></span> <span class='ocrx_word' id='word_1_211' title='bbox 2613 2686 2711 2755; x_wconf 82' lang='lat'><strong>24</strong></span> <span class='ocrx_word' id='word_1_212' title='bbox 2744 2688 3027 2782; x_wconf 84' lang='lat' dir='ltr'><strong>Fragm.</strong></span> <span class='ocrx_word' id='word_1_213' title='bbox 3062 2664 3385 2782; x_wconf 64' lang='lat' dir='ltr'><strong>Schuti.)</strong></span> <span class='ocrx_word' id='word_1_214' title='bbox 3410 2692 3766 2783; x_wconf 75' lang='lat' dir='ltr'><strong>‘populum</strong></span> 
     </span>
     <span class='ocr_line' id='line_1_18' title="bbox 447 2818 3771 2914; baseline -0 -21"><span class='ocrx_word' id='word_1_215' title='bbox 447 2826 840 2893; x_wconf 84' lang='lat' dir='ltr'><strong>Romanum</strong></span> <span class='ocrx_word' id='word_1_216' title='bbox 907 2825 1037 2909; x_wconf 90' lang='lat' dir='ltr'><strong>ait,</strong></span> <span class='ocrx_word' id='word_1_217' title='bbox 1088 2844 1294 2911; x_wconf 88' lang='lat' dir='ltr'><strong>quum</strong></span> <span class='ocrx_word' id='word_1_218' title='bbox 1342 2820 1675 2889; x_wconf 86' lang='lat' dir='ltr'><strong>ambitum</strong></span> <span class='ocrx_word' id='word_1_219' title='bbox 1723 2819 2032 2906; x_wconf 85' lang='lat' dir='ltr'><strong>videret,</strong></span> <span class='ocrx_word' id='word_1_220' title='bbox 2083 2829 2152 2888; x_wconf 89' lang='lat' dir='ltr'><strong>et</strong></span> <span class='ocrx_word' id='word_1_221' title='bbox 2199 2843 2239 2887; x_wconf 90' lang='lat' dir='ltr'><strong>a</strong></span> <span class='ocrx_word' id='word_1_222' title='bbox 2289 2818 2590 2887; x_wconf 89' lang='lat' dir='ltr'><strong>tribunis</strong></span> <span class='ocrx_word' id='word_1_223' title='bbox 2636 2819 2868 2910; x_wconf 86' lang='lat' dir='ltr'><strong>plebis</strong></span> <span class='ocrx_word' id='word_1_224' title='bbox 2913 2820 3311 2909; x_wconf 89' lang='lat' dir='ltr'><strong>doceretur,</strong></span> <span class='ocrx_word' id='word_1_225' title='bbox 3362 2823 3494 2891; x_wconf 88' lang='lat' dir='ltr'><strong>nisi</strong></span> <span class='ocrx_word' id='word_1_226' title='bbox 3542 2820 3771 2914; x_wconf 64' lang='lat' dir='ltr'><strong>poena</strong></span> 
     </span>
     <span class='ocr_line' id='line_1_19' title="bbox 450 2951 3773 3047; baseline -0.001 -22"><span class='ocrx_word' id='word_1_227' title='bbox 450 2955 848 3025; x_wconf 84' lang='lat' dir='ltr'><strong>accessisset</strong></span> <span class='ocrx_word' id='word_1_228' title='bbox 876 2954 943 3024; x_wconf 90' lang='lat' dir='ltr'><strong>in</strong></span> <span class='ocrx_word' id='word_1_229' title='bbox 979 2954 1349 3042; x_wconf 83' lang='lat' dir='ltr'><strong>divisores,</strong></span> <span class='ocrx_word' id='word_1_230' title='bbox 1380 2953 1721 3047; x_wconf 81' lang='lat' dir='ltr'><strong>exstingui</strong></span> <span class='ocrx_word' id='word_1_231' title='bbox 1749 2975 1905 3022; x_wconf 91' lang='lat' dir='ltr'><strong>eum</strong></span> <span class='ocrx_word' id='word_1_232' title='bbox 1934 2953 2123 3023; x_wconf 91' lang='lat' dir='ltr'><strong>nullo</strong></span> <span class='ocrx_word' id='word_1_233' title='bbox 2154 2952 2634 3043; x_wconf 74' lang='lat' dir='ltr'><strong>modoposse,</strong></span> <span class='ocrx_word' id='word_1_234' title='bbox 2682 2951 2919 3045; x_wconf 91' lang='lat' dir='ltr'><strong>legem</strong></span> <span class='ocrx_word' id='word_1_235' title='bbox 2935 2951 3239 3021; x_wconf 87' lang='lat' dir='ltr'><strong>Cornelii</strong></span> <span class='ocrx_word' id='word_1_236' title='bbox 3272 2953 3621 3046; x_wconf 84' lang='lat' dir='ltr'><strong>flagitasse</strong></span> <span class='ocrx_word' id='word_1_237' title='bbox 3646 2963 3773 3024; x_wconf 90' lang='lat' dir='ltr'><strong>etc.</strong></span> 
     </span>
     <span class='ocr_line' id='line_1_20' title="bbox 450 3080 3775 3177; baseline -0 -24"><span class='ocrx_word' id='word_1_238' title='bbox 450 3086 685 3172; x_wconf 79' lang='lat' dir='ltr'><strong>Quare</strong></span> <span class='ocrx_word' id='word_1_239' title='bbox 727 3107 979 3177; x_wconf 89' lang='lat' dir='ltr'><strong>operae</strong></span> <span class='ocrx_word' id='word_1_240' title='bbox 1007 3084 1307 3177; x_wconf 87' lang='lat' dir='ltr'><strong>pretium</strong></span> <span class='ocrx_word' id='word_1_241' title='bbox 1333 3107 1446 3153; x_wconf 89' lang='lat' dir='ltr'><strong>me</strong></span> <span class='ocrx_word' id='word_1_242' title='bbox 1478 3084 1817 3151; x_wconf 82' lang='lat' dir='ltr'><strong>facturum</strong></span> <span class='ocrx_word' id='word_1_243' title='bbox 1849 3082 2180 3168; x_wconf 88' lang='lat' dir='ltr'><strong>arbitror,</strong></span> <span class='ocrx_word' id='word_1_244' title='bbox 2228 3082 2289 3151; x_wconf 87' lang='lat' dir='ltr'><strong>si</strong></span> <span class='ocrx_word' id='word_1_245' title='bbox 2319 3083 2395 3149; x_wconf 89' lang='lat' dir='ltr'><strong>in</strong></span> <span class='ocrx_word' id='word_1_246' title='bbox 2428 3104 2667 3151; x_wconf 90' lang='lat' dir='ltr'><strong>eorum</strong></span> <span class='ocrx_word' id='word_1_247' title='bbox 2693 3080 3054 3153; x_wconf 86' lang='lat' dir='ltr'><strong>hominum</strong></span> <span class='ocrx_word' id='word_1_248' title='bbox 3086 3084 3364 3175; x_wconf 85' lang='lat' dir='ltr'><strong>negotia</strong></span> <span class='ocrx_word' id='word_1_249' title='bbox 3394 3083 3775 3155; x_wconf 82' lang='lat' dir='ltr'><strong>differenti·</strong></span> 
     </span>
     <span class='ocr_line' id='line_1_21' title="bbox 454 3213 3778 3307; baseline -0 -23"><span class='ocrx_word' id='word_1_250' title='bbox 454 3238 714 3306; x_wconf 80' lang='lat' dir='ltr'><strong>amque</strong></span> <span class='ocrx_word' id='word_1_251' title='bbox 735 3226 878 3285; x_wconf 89' lang='lat' dir='ltr'><strong>tum</strong></span> <span class='ocrx_word' id='word_1_252' title='bbox 917 3218 1098 3285; x_wconf 89' lang='lat' dir='ltr'><strong>inter</strong></span> <span class='ocrx_word' id='word_1_253' title='bbox 1139 3236 1218 3287; x_wconf 87' lang='lat' dir='ltr'><strong>se</strong></span> <span class='ocrx_word' id='word_1_254' title='bbox 1248 3227 1392 3285; x_wconf 88' lang='lat' dir='ltr'><strong>tum</strong></span> <span class='ocrx_word' id='word_1_255' title='bbox 1431 3235 1592 3284; x_wconf 87' lang='lat' dir='ltr'><strong>cum</strong></span> <span class='ocrx_word' id='word_1_256' title='bbox 1619 3213 1872 3283; x_wconf 79' lang='lat' dir='ltr'><strong>ceteris</strong></span> <span class='ocrx_word' id='word_1_257' title='bbox 1906 3213 2138 3305; x_wconf 87' lang='lat' dir='ltr'><strong>operis</strong></span> <span class='ocrx_word' id='word_1_258' title='bbox 2172 3214 2699 3303; x_wconf 87' lang='lat' dir='ltr'><strong>campestribus,</strong></span> <span class='ocrx_word' id='word_1_259' title='bbox 2736 3225 2814 3280; x_wconf 87' lang='lat' dir='ltr'><strong>ut</strong></span> <span class='ocrx_word' id='word_1_260' title='bbox 2847 3215 3207 3284; x_wconf 84' lang='lat' dir='ltr'><strong>Suetonius</strong></span> <span class='ocrx_word' id='word_1_261' title='bbox 3242 3217 3548 3307; x_wconf 87' lang='lat' dir='ltr'><strong>appellat</strong></span> <span class='ocrx_word' id='word_1_262' title='bbox 3584 3214 3778 3307; x_wconf 78' lang='lat' dir='ltr'><strong>(vit.</strong></span> 
     </span>
     <span class='ocr_line' id='line_1_22' title="bbox 378 3328 2135 3440; baseline -0.002 -24"><span class='ocrx_word' id='word_1_263' title='bbox 378 3328 384 3337; x_wconf 49' lang='lat'>⁸</span> <span class='ocrx_word' id='word_1_264' title='bbox 421 3348 643 3440; x_wconf 81' lang='lat' dir='ltr'><strong>·Aug.</strong></span> <span class='ocrx_word' id='word_1_265' title='bbox 693 3366 752 3414; x_wconf 90' lang='lat' dir='ltr'><strong>c.</strong></span> <span class='ocrx_word' id='word_1_266' title='bbox 800 3346 852 3423; x_wconf 69' lang='lat'><strong>3,</strong></span> <span class='ocrx_word' id='word_1_267' title='bbox 867 3346 900 3436; x_wconf 85' lang='lat'>)</span> <span class='ocrx_word' id='word_1_268' title='bbox 919 3396 939 3433; x_wconf 96' lang='lat'><strong>,</strong></span> <span class='ocrx_word' id='word_1_269' title='bbox 984 3348 1221 3437; x_wconf 84' lang='lat' dir='ltr'><strong>paullo</strong></span> <span class='ocrx_word' id='word_1_270' title='bbox 1271 3346 1651 3414; x_wconf 87' lang='lat' dir='ltr'><strong>accuratius</strong></span> <span class='ocrx_word' id='word_1_271' title='bbox 1699 3343 2135 3432; x_wconf 79' lang='lat' dir='ltr'><strong>inquisivero.</strong></span> 
     </span>
    </p>

    <p class='ocr_par' dir='ltr' id='par_1_3' title="bbox 443 3474 3792 4874">
     <span class='ocr_line' id='line_1_23' title="bbox 653 3474 3780 3564; baseline 0 -19"><span class='ocrx_word' id='word_1_272' title='bbox 653 3475 930 3545; x_wconf 89' lang='lat' dir='ltr'><strong>Primus</strong></span> <span class='ocrx_word' id='word_1_273' title='bbox 994 3475 1312 3564; x_wconf 89' lang='lat' dir='ltr'><strong>quidem,</strong></span> <span class='ocrx_word' id='word_1_274' title='bbox 1383 3484 1460 3543; x_wconf 90' lang='lat' dir='ltr'><strong>ut</strong></span> <span class='ocrx_word' id='word_1_275' title='bbox 1511 3476 1601 3543; x_wconf 90' lang='lat' dir='ltr'><strong>de</strong></span> <span class='ocrx_word' id='word_1_276' title='bbox 1663 3474 1852 3543; x_wconf 87' lang='lat' dir='ltr'><strong>omni</strong></span> <span class='ocrx_word' id='word_1_277' title='bbox 1901 3474 2335 3543; x_wconf 87' lang='lat' dir='ltr'><strong>comitiorum</strong></span> <span class='ocrx_word' id='word_1_278' title='bbox 2381 3476 2851 3545; x_wconf 86' lang='lat' dir='ltr'><strong>Romanorum</strong></span> <span class='ocrx_word' id='word_1_279' title='bbox 2901 3478 3201 3561; x_wconf 90' lang='lat' dir='ltr'><strong>ratione,</strong></span> <span class='ocrx_word' id='word_1_280' title='bbox 3248 3478 3345 3545; x_wconf 87' lang='lat' dir='ltr'><strong>ita</strong></span> <span class='ocrx_word' id='word_1_281' title='bbox 3396 3477 3488 3546; x_wconf 92' lang='lat' dir='ltr'><strong>de</strong></span> <span class='ocrx_word' id='word_1_282' title='bbox 3534 3476 3780 3545; x_wconf 89' lang='lat' dir='ltr'><strong>horum</strong></span> 
     </span>
     <span class='ocr_line' id='line_1_24' title="bbox 460 3592 3782 3700; baseline 0.001 -29"><span class='ocrx_word' id='word_1_283' title='bbox 460 3626 733 3695; x_wconf 89' lang='lat' dir='ltr'><strong>quoque</strong></span> <span class='ocrx_word' id='word_1_284' title='bbox 780 3607 1141 3676; x_wconf 86' lang='lat' dir='ltr'><strong>hominum</strong></span> <span class='ocrx_word' id='word_1_285' title='bbox 1191 3603 1403 3699; x_wconf 70' lang='lat' dir='ltr'><strong>opera</strong></span> <span class='ocrx_word' id='word_1_286' title='bbox 1455 3592 1858 3700; x_wconf 87' lang='lat' dir='ltr'><strong>diligentius</strong></span> <span class='ocrx_word' id='word_1_287' title='bbox 1907 3608 2056 3699; x_wconf 89' lang='lat' dir='ltr'><strong>egit</strong></span> <span class='ocrx_word' id='word_1_288' title='bbox 2103 3606 2431 3676; x_wconf 89' lang='lat' dir='ltr'><strong>Nicolaus</strong></span> <span class='ocrx_word' id='word_1_289' title='bbox 2478 3608 2865 3693; x_wconf 66' lang='lat' dir='ltr'><strong>(aimonius,</strong></span> <span class='ocrx_word' id='word_1_290' title='bbox 2918 3608 3101 3699; x_wconf 86' lang='lat' dir='ltr'><strong>apud</strong></span> <span class='ocrx_word' id='word_1_291' title='bbox 3153 3631 3360 3697; x_wconf 89' lang='lat' dir='ltr'><strong>quem</strong></span> <span class='ocrx_word' id='word_1_292' title='bbox 3412 3610 3455 3676; x_wconf 91' lang='lat' dir='ltr'><strong>l.</strong></span> <span class='ocrx_word' id='word_1_293' title='bbox 3506 3607 3580 3690; x_wconf 87' lang='grc' dir='ltr'><strong>Ι,</strong></span> <span class='ocrx_word' id='word_1_294' title='bbox 3630 3628 3690 3676; x_wconf 89' lang='lat' dir='ltr'><strong>c.</strong></span> <span class='ocrx_word' id='word_1_295' title='bbox 3732 3606 3782 3675; x_wconf 77' lang='lat'><strong>3</strong></span> 
     </span>
     <span class='ocr_line' id='line_1_25' title="bbox 464 3712 3780 3832; baseline 0.001 -30"><span class='ocrx_word' id='word_1_296' title='bbox 464 3745 631 3803; x_wconf 84' lang='lat' dir='ltr'><strong>extr.</strong></span> <span class='ocrx_word' id='word_1_297' title='bbox 678 3747 1123 3826; x_wconf 86' lang='lat' dir='ltr'><strong>posteaquam</strong></span> <span class='ocrx_word' id='word_1_298' title='bbox 1171 3738 1242 3807; x_wconf 92' lang='lat' dir='ltr'><strong>in</strong></span> <span class='ocrx_word' id='word_1_299' title='bbox 1286 3739 1677 3806; x_wconf 84' lang='lat' dir='ltr'><strong>universum</strong></span> <span class='ocrx_word' id='word_1_300' title='bbox 1726 3738 1991 3807; x_wconf 90' lang='lat' dir='ltr'><strong>monuit</strong></span> <span class='ocrx_word' id='word_1_301' title='bbox 2036 3787 2085 3813; x_wconf 87' lang='lat'><strong>‚,</strong></span> <span class='ocrx_word' id='word_1_302' title='bbox 2106 3738 2199 3806; x_wconf 90' lang='lat' dir='ltr'><strong>ad</strong></span> <span class='ocrx_word' id='word_1_303' title='bbox 2248 3712 2752 3830; x_wconf 83' lang='lat' dir='ltr'><strong>corrumpenda</strong></span> <span class='ocrx_word' id='word_1_304' title='bbox 2799 3739 3163 3832; x_wconf 85' lang='lat' dir='ltr'><strong>largitione</strong></span> <span class='ocrx_word' id='word_1_305' title='bbox 3212 3737 3537 3831; x_wconf 75' lang='lat' dir='ltr'><strong>suffragia</strong></span> <span class='ocrx_word' id='word_1_306' title='bbox 3587 3714 3780 3808; x_wconf 84' lang='lat' dir='ltr'><strong>com-</strong></span> 
     </span>
     <span class='ocr_line' id='line_1_26' title="bbox 451 3850 3783 3963; baseline 0.001 -32"><span class='ocrx_word' id='word_1_307' title='bbox 451 3865 696 3955; x_wconf 86' lang='lat' dir='ltr'><strong>·parari</strong></span> <span class='ocrx_word' id='word_1_308' title='bbox 763 3866 999 3934; x_wconf 85' lang='lat' dir='ltr'><strong>solitos</strong></span> <span class='ocrx_word' id='word_1_309' title='bbox 1065 3890 1213 3937; x_wconf 89' lang='lat' dir='ltr'><strong>esse</strong></span> <span class='ocrx_word' id='word_1_310' title='bbox 1288 3850 1516 3939; x_wconf 81' lang='lat' dir='ltr'><strong>certos</strong></span> <span class='ocrx_word' id='word_1_311' title='bbox 1575 3868 1889 3938; x_wconf 88' lang='lat' dir='ltr'><strong>homines</strong></span> <span class='ocrx_word' id='word_1_312' title='bbox 1955 3869 2245 3962; x_wconf 87' lang='lat' dir='ltr'><strong>hujusce</strong></span> <span class='ocrx_word' id='word_1_313' title='bbox 2313 3870 2545 3963; x_wconf 90' lang='lat' dir='ltr'><strong>operis</strong></span> <span class='ocrx_word' id='word_1_314' title='bbox 2610 3870 2799 3938; x_wconf 82' lang='lat' dir='ltr'><strong>velut</strong></span> <span class='ocrx_word' id='word_1_315' title='bbox 2848 3869 3357 3960; x_wconf 77' lang='lat' dir='ltr'><strong>redemptores3</strong></span> <span class='ocrx_word' id='word_1_316' title='bbox 3426 3867 3540 3954; x_wconf 88' lang='lat' dir='ltr'><strong>qui</strong></span> <span class='ocrx_word' id='word_1_317' title='bbox 3594 3877 3783 3935; x_wconf 90' lang='lat' dir='ltr'><strong>certo</strong></span> 
     </span>
     <span class='ocr_line' id='line_1_27' title="bbox 443 3992 3782 4088; baseline -0 -26"><span class='ocrx_word' id='word_1_318' title='bbox 443 3992 770 4082; x_wconf 78' lang='lat' dir='ltr'><strong>quodam</strong></span> <span class='ocrx_word' id='word_1_319' title='bbox 815 3996 1042 4085; x_wconf 88' lang='lat' dir='ltr'><strong>pretio</strong></span> <span class='ocrx_word' id='word_1_320' title='bbox 1089 4005 1376 4087; x_wconf 85' lang='lat' dir='ltr'><strong>accepto</strong></span> <span class='ocrx_word' id='word_1_321' title='bbox 1425 4019 1466 4065; x_wconf 91' lang='lat' dir='ltr'><strong>a</strong></span> <span class='ocrx_word' id='word_1_322' title='bbox 1513 3999 1900 4069; x_wconf 90' lang='lat' dir='ltr'><strong>candidatis</strong></span> <span class='ocrx_word' id='word_1_323' title='bbox 1933 4009 2066 4068; x_wconf 77' lang='lat' dir='ltr'><strong>‘aut</strong></span> <span class='ocrx_word' id='word_1_324' title='bbox 2114 4021 2279 4068; x_wconf 88' lang='lat' dir='ltr'><strong>vero</strong></span> <span class='ocrx_word' id='word_1_325' title='bbox 2328 4001 2416 4067; x_wconf 85' lang='lat' dir='ltr'><strong>ab</strong></span> <span class='ocrx_word' id='word_1_326' title='bbox 2468 4001 2750 4077; x_wconf 87' lang='lat' dir='ltr'><strong>amicis,</strong></span> <span class='ocrx_word' id='word_1_327' title='bbox 2815 4000 2936 4088; x_wconf 91' lang='lat' dir='ltr'><strong>qui</strong></span> <span class='ocrx_word' id='word_1_328' title='bbox 2999 4022 3075 4068; x_wconf 92' lang='lat' dir='ltr'><strong>se</strong></span> <span class='ocrx_word' id='word_1_329' title='bbox 3121 4005 3507 4085; x_wconf 87' lang='lat' dir='ltr'><strong>sequestres</strong></span> <span class='ocrx_word' id='word_1_330' title='bbox 3559 4003 3627 4062; x_wconf 89' lang='lat' dir='ltr'><strong>et</strong></span> <span class='ocrx_word' id='word_1_331' title='bbox 3674 3997 3782 4061; x_wconf 89' lang='lat' dir='ltr'><strong>iu-</strong></span> 
     </span>
     <span class='ocr_line' id='line_1_28' title="bbox 468 4116 3784 4225; baseline -0.001 -32"><span class='ocrx_word' id='word_1_332' title='bbox 468 4125 805 4218; x_wconf 81' lang='lat' dir='ltr'><strong>terpretes</strong></span> <span class='ocrx_word' id='word_1_333' title='bbox 857 4128 927 4195; x_wconf 91' lang='lat' dir='ltr'><strong>in</strong></span> <span class='ocrx_word' id='word_1_334' title='bbox 977 4149 1211 4195; x_wconf 89' lang='lat' dir='ltr'><strong>eorum</strong></span> <span class='ocrx_word' id='word_1_335' title='bbox 1260 4127 1462 4199; x_wconf 66' lang='lat' dir='ltr'><strong>causa</strong></span> <span class='ocrx_word' id='word_1_336' title='bbox 1513 4130 2058 4223; x_wconf 86' lang='lat' dir='ltr'><strong>interponerent,</strong></span> <span class='ocrx_word' id='word_1_337' title='bbox 2107 4133 2615 4225; x_wconf 85' lang='lat' dir='ltr'><strong>corrumpenda</strong></span> <span class='ocrx_word' id='word_1_338' title='bbox 2663 4131 2891 4222; x_wconf 88' lang='lat' dir='ltr'><strong>plebis</strong></span> <span class='ocrx_word' id='word_1_339' title='bbox 2945 4127 3271 4219; x_wconf 82' lang='lat' dir='ltr'><strong>suffragia</strong></span> <span class='ocrx_word' id='word_1_340' title='bbox 3311 4116 3784 4216; x_wconf 81' lang='lat' dir='ltr'><strong>susceperint”</strong></span> 
     </span>
     <span class='ocr_line' id='line_1_29' title="bbox 469 4232 3786 4355; baseline -0.001 -31"><span class='ocrx_word' id='word_1_341' title='bbox 469 4257 683 4346; x_wconf 87' lang='lat' dir='ltr'><strong>idque</strong></span> <span class='ocrx_word' id='word_1_342' title='bbox 710 4258 1046 4350; x_wconf 84' lang='lat' dir='ltr'><strong>exemplis</strong></span> <span class='ocrx_word' id='word_1_343' title='bbox 1069 4258 1405 4353; x_wconf 81' lang='lat' dir='ltr'><strong>firmavit,</strong></span> <span class='ocrx_word' id='word_1_344' title='bbox 1450 4261 1623 4331; x_wconf 91' lang='lat' dir='ltr'><strong>haec</strong></span> <span class='ocrx_word' id='word_1_345' title='bbox 1659 4263 1955 4354; x_wconf 91' lang='lat' dir='ltr'><strong>legimus</strong></span> <span class='ocrx_word' id='word_1_346' title='bbox 1992 4266 2284 4355; x_wconf 84' lang='lat' dir='ltr'><strong>maxime</strong></span> <span class='ocrx_word' id='word_1_347' title='bbox 2314 4261 2784 4331; x_wconf 88' lang='lat' dir='ltr'><strong>memorabilia</strong></span> <span class='ocrx_word' id='word_1_348' title='bbox 2815 4261 2932 4350; x_wconf 86' lang='lat' dir='ltr'><strong>(p.</strong></span> <span class='ocrx_word' id='word_1_349' title='bbox 2971 4257 3071 4325; x_wconf 74' lang='lat'><strong>74</strong></span> <span class='ocrx_word' id='word_1_350' title='bbox 3103 4232 3266 4325; x_wconf 82' lang='lat' dir='ltr'><strong>edit.</strong></span> <span class='ocrx_word' id='word_1_351' title='bbox 3298 4256 3538 4323; x_wconf 88' lang='lat' dir='ltr'><strong>Venet.</strong></span> <span class='ocrx_word' id='word_1_352' title='bbox 3569 4249 3786 4338; x_wconf 87' lang='grc'><strong>1555,</strong></span> 
     </span>
     <span class='ocr_line' id='line_1_30' title="bbox 471 4364 3789 4481; baseline 0 -29"><span class='ocrx_word' id='word_1_353' title='bbox 471 4385 616 4453; x_wconf 79' lang='lat' dir='ltr'><strong>sive</strong></span> <span class='ocrx_word' id='word_1_354' title='bbox 658 4387 1275 4459; x_wconf 83' lang='lat' dir='ltr'><strong>Graev.&#39;Thesaur.</strong></span> <span class='ocrx_word' id='word_1_355' title='bbox 1315 4389 1400 4481; x_wconf 78' lang='grc' dir='ltr'><strong>Τ.</strong></span> <span class='ocrx_word' id='word_1_356' title='bbox 1439 4390 1517 4475; x_wconf 89' lang='lat'><strong>1,</strong></span> <span class='ocrx_word' id='word_1_357' title='bbox 1569 4412 1639 4479; x_wconf 87' lang='lat' dir='ltr'><strong>p.</strong></span> <span class='ocrx_word' id='word_1_358' title='bbox 1682 4389 1910 4479; x_wconf 74' lang='lat' dir='ltr'>579J:</span> <span class='ocrx_word' id='word_1_359' title='bbox 1959 4364 2270 4480; x_wconf 81' lang='lat' dir='ltr'><strong>„Neque</strong></span> <span class='ocrx_word' id='word_1_360' title='bbox 2312 4392 2491 4460; x_wconf 92' lang='lat' dir='ltr'><strong>enim</strong></span> <span class='ocrx_word' id='word_1_361' title='bbox 2536 4387 3052 4459; x_wconf 86' lang='lat' dir='ltr'><strong>existimandum</strong></span> <span class='ocrx_word' id='word_1_362' title='bbox 3107 4397 3209 4457; x_wconf 90' lang='lat' dir='ltr'><strong>est</strong></span> <span class='ocrx_word' id='word_1_363' title='bbox 3253 4409 3521 4457; x_wconf 88' lang='lat' dir='ltr'><strong>omnem</strong></span> <span class='ocrx_word' id='word_1_364' title='bbox 3551 4405 3789 4452; x_wconf 90' lang='lat' dir='ltr'><strong>numo-</strong></span> 
     </span>
     <span class='ocr_line' id='line_1_31' title="bbox 476 4496 3785 4614; baseline 0 -33"><span class='ocrx_word' id='word_1_365' title='bbox 476 4534 682 4597; x_wconf 87' lang='lat' dir='ltr'><strong>„rum</strong></span> <span class='ocrx_word' id='word_1_366' title='bbox 713 4538 842 4604; x_wconf 82' lang='lat' dir='ltr'><strong>per</strong></span> <span class='ocrx_word' id='word_1_367' title='bbox 869 4519 1094 4588; x_wconf 85' lang='lat' dir='ltr'><strong>tribus</strong></span> <span class='ocrx_word' id='word_1_368' title='bbox 1119 4518 1528 4588; x_wconf 80' lang='lat' dir='ltr'><strong>divisionem</strong></span> <span class='ocrx_word' id='word_1_369' title='bbox 1559 4520 1764 4590; x_wconf 79' lang='lat' dir='ltr'><strong>fuisse</strong></span> <span class='ocrx_word' id='word_1_370' title='bbox 1797 4522 2074 4614; x_wconf 88' lang='lat' dir='ltr'><strong>legibus</strong></span> <span class='ocrx_word' id='word_1_371' title='bbox 2102 4523 2397 4591; x_wconf 88' lang='lat' dir='ltr'><strong>ambitus</strong></span> <span class='ocrx_word' id='word_1_372' title='bbox 2427 4522 2888 4613; x_wconf 79' lang='lat' dir='ltr'><strong>prohibitam3</strong></span> <span class='ocrx_word' id='word_1_373' title='bbox 2937 4496 3236 4608; x_wconf 81' lang='lat' dir='ltr'><strong>alioquin</strong></span> <span class='ocrx_word' id='word_1_374' title='bbox 3272 4517 3622 4610; x_wconf 90' lang='lat' dir='ltr'><strong>legitimos</strong></span> <span class='ocrx_word' id='word_1_375' title='bbox 3652 4538 3785 4585; x_wconf 92' lang='lat' dir='ltr'><strong>non</strong></span> 
     </span>
     <span class='ocr_line' id='line_1_32' title="bbox 476 4638 3791 4745; baseline -0.001 -28"><span class='ocrx_word' id='word_1_376' title='bbox 476 4648 942 4729; x_wconf 83' lang='lat' dir='ltr'><strong>„habuissent</strong></span> <span class='ocrx_word' id='word_1_377' title='bbox 981 4652 1318 4722; x_wconf 80' lang='lat' dir='ltr'><strong>divisores</strong></span> <span class='ocrx_word' id='word_1_378' title='bbox 1350 4653 1661 4745; x_wconf 88' lang='lat' dir='ltr'><strong>singulae</strong></span> <span class='ocrx_word' id='word_1_379' title='bbox 1690 4653 1927 4722; x_wconf 87' lang='lat' dir='ltr'><strong>tribus.</strong></span> <span class='ocrx_word' id='word_1_380' title='bbox 1954 4690 2044 4707; x_wconf 93' lang='lat'><strong>-—-</strong></span> <span class='ocrx_word' id='word_1_381' title='bbox 2071 4638 2172 4705; x_wconf 78' lang='lat'>-·.&#39;.</span> <span class='ocrx_word' id='word_1_382' title='bbox 2207 4655 2300 4721; x_wconf 85' lang='lat' dir='ltr'><strong>At</strong></span> <span class='ocrx_word' id='word_1_383' title='bbox 2336 4653 2511 4721; x_wconf 89' lang='lat' dir='ltr'><strong>illud</strong></span> <span class='ocrx_word' id='word_1_384' title='bbox 2555 4653 2778 4745; x_wconf 86' lang='lat' dir='ltr'><strong>magis</strong></span> <span class='ocrx_word' id='word_1_385' title='bbox 2832 4647 3232 4743; x_wconf 88' lang='lat' dir='ltr'><strong>ambiguum</strong></span> <span class='ocrx_word' id='word_1_386' title='bbox 3268 4655 3438 4745; x_wconf 22' lang='lat' dir='ltr'><strong>Uest,</strong></span> <span class='ocrx_word' id='word_1_387' title='bbox 3490 4648 3791 4719; x_wconf 89' lang='lat' dir='ltr'><strong>iidemne</strong></span> 
     </span>
     <span class='ocr_line' id='line_1_33' title="bbox 480 4768 3792 4874; baseline 0 -26"><span class='ocrx_word' id='word_1_388' title='bbox 480 4787 756 4858; x_wconf 82' lang='lat' dir='ltr'><strong>„essent</strong></span> <span class='ocrx_word' id='word_1_389' title='bbox 793 4778 870 4845; x_wconf 88' lang='lat' dir='ltr'><strong>hi</strong></span> <span class='ocrx_word' id='word_1_390' title='bbox 897 4768 1230 4848; x_wconf 79' lang='lat' dir='ltr'><strong>divisores</strong></span> <span class='ocrx_word' id='word_1_391' title='bbox 1262 4803 1423 4851; x_wconf 88' lang='lat' dir='ltr'><strong>cum</strong></span> <span class='ocrx_word' id='word_1_392' title='bbox 1454 4770 1970 4867; x_wconf 80' lang='lat' dir='ltr'><strong>diribitoribus,</strong></span> <span class='ocrx_word' id='word_1_393' title='bbox 2004 4774 2091 4852; x_wconf 72' lang='lat' dir='ltr'><strong>a&#39;n</strong></span> <span class='ocrx_word' id='word_1_394' title='bbox 2131 4784 2219 4853; x_wconf 86' lang='lat' dir='ltr'><strong>ab</strong></span> <span class='ocrx_word' id='word_1_395' title='bbox 2258 4785 2358 4853; x_wconf 92' lang='lat' dir='ltr'><strong>eis</strong></span> <span class='ocrx_word' id='word_1_396' title='bbox 2385 4784 2660 4852; x_wconf 80' lang='lat' dir='ltr'><strong>diversi.</strong></span> <span class='ocrx_word' id='word_1_397' title='bbox 2710 4784 2870 4874; x_wconf 86' lang='lat' dir='ltr'><strong>Ego</strong></span> <span class='ocrx_word' id='word_1_398' title='bbox 2900 4791 2973 4848; x_wconf 91' lang='lat' dir='ltr'><strong>ut</strong></span> <span class='ocrx_word' id='word_1_399' title='bbox 2995 4803 3150 4850; x_wconf 88' lang='lat' dir='ltr'><strong>cum</strong></span> <span class='ocrx_word' id='word_1_400' title='bbox 3168 4781 3454 4849; x_wconf 89' lang='lat' dir='ltr'><strong>Budaeo</strong></span> <span class='ocrx_word' id='word_1_401' title='bbox 3483 4778 3792 4849; x_wconf 80' lang='lat' dir='ltr'><strong>diversos</strong></span> 
     </span>
    </p>
   </div>
   <div class='ocr_carea' id='block_1_2' title="bbox 483 4906 3788 5095">
    <p class='ocr_par' dir='ltr' id='par_1_4' title="bbox 483 4906 3788 5095">
     <span class='ocr_line' id='line_1_34' title="bbox 483 4906 3788 5007; baseline -0.002 -20"><span class='ocrx_word' id='word_1_402' title='bbox 483 4906 751 4987; x_wconf 73' lang='lat' dir='ltr'><strong>„fuisse</strong></span> <span class='ocrx_word' id='word_1_403' title='bbox 807 4908 1229 4991; x_wconf 79' lang='lat' dir='ltr'><strong>existimem,</strong></span> <span class='ocrx_word' id='word_1_404' title='bbox 1278 4931 1363 4979; x_wconf 82' lang='lat' dir='ltr'><strong>eo</strong></span> <span class='ocrx_word' id='word_1_405' title='bbox 1415 4924 1819 5006; x_wconf 78' lang='lat' dir='ltr'><strong>argumento</strong></span> <span class='ocrx_word' id='word_1_406' title='bbox 1869 4913 2217 5000; x_wconf 82' lang='lat' dir='ltr'><strong>adducor,</strong></span> <span class='ocrx_word' id='word_1_407' title='bbox 2271 4910 2463 5004; x_wconf 82' lang='lat' dir='ltr'><strong>quod</strong></span> <span class='ocrx_word' id='word_1_408' title='bbox 2513 4913 2825 5007; x_wconf 76' lang='lat' dir='ltr'><strong>magistri</strong></span> <span class='ocrx_word' id='word_1_409' title='bbox 2869 4913 3246 4995; x_wconf 85' lang='lat' dir='ltr'><strong>curiarum,</strong></span> <span class='ocrx_word' id='word_1_410' title='bbox 3297 4932 3592 5000; x_wconf 84' lang='lat' dir='ltr'><strong>quorum</strong></span> <span class='ocrx_word' id='word_1_411' title='bbox 3639 4932 3788 4987; x_wconf 83' lang='lat' dir='ltr'><strong>me-</strong></span> 
     </span>
     <span class='ocr_line' id='line_1_35' title="bbox 1715 5026 3013 5095; baseline -0.003 4"><span class='ocrx_word' id='word_1_412' title='bbox 1715 5034 1726 5047; x_wconf 75' lang='lat'><strong>·</strong></span> <span class='ocrx_word' id='word_1_413' title='bbox 2963 5026 3013 5095; x_wconf 80' lang='lat'><strong>2</strong></span> 
     </span>
    </p>
   </div>
  </div>
 </body>
</html>
