4782 6002
2560 738 2605 806 8

940 964 1298 1038 maximam
1349 914 1603 1055 partem
1658 956 1874 1027 causis
1928 945 2291 1053 statuebat,
2365 966 2558 1041 quam
2631 961 2801 1034 quae
2864 941 2931 1010 in
3000 934 3228 1010 codice
3298 933 3475 1008 civili
3544 929 3953 1005 definiendae
4004 941 4230 1021 erant3

939 1100 1053 1173 ubi
1105 1119 1275 1173 vero
1326 1099 1412 1168 ita
1465 1115 1600 1168 non
1652 1089 1921 1180 accidit,
1983 1086 2193 1162 veluti
2244 1084 2638 1157 matrimonii
2690 1103 2773 1152 ac
2830 1077 3095 1150 divortii
3147 1085 3475 1183 respectu,
3510 1112 3593 1124 -
3629 1071 3943 1145 libertatis
3996 1073 4228 1160 amori,

944 1261 1075 1335 quo
1127 1230 1610 1308 Franco-Galli
1662 1228 1914 1302 incensi
1968 1233 2180 1314 erant,
2232 1224 2422 1295 nimis
2474 1215 2934 1317 repugnabant
2985 1215 3310 1287 ecclesiae
3363 1214 3572 1308 leges,
3625 1233 3819 1307 quam
3854 1212 4023 1282 utin
4058 1230 4231 1281 con-

942 1373 1226 1449 ficiendo
1281 1368 1529 1444 Codice
1580 1366 2014 1466 Napoleoneo
2067 1382 2309 1455 magna
2362 1380 2588 1432 earum
2642 1360 2748 1431 vis
2801 1375 2953 1430 esse
3005 1350 3446 1450 potuisset13).
3509 1389 3590 1399 —

1157 1509 1429 1583 Minime
1478 1529 1654 1580 nunc
1704 1503 1767 1575 id
1822 1509 2075 1599 specto,
2129 1508 2198 1571 ut
2251 1499 2538 1570 omnium
2590 1498 3022 1567 institutorum
3078 1500 3274 1583 atque
3326 1491 3892 1585 praeceptionum,
3947 1510 4115 1584 quae
4164 1489 4234 1559 in

947 1645 1193 1723 Codice
1246 1647 1484 1740 gallico
1536 1645 1975 1729 continentur,
2030 1638 2356 1731 originem
2410 1631 2777 1727 singulatim
2830 1627 3212 1717 ostendam3
3267 1625 3441 1725 quod
3494 1630 3550 1699 si
3606 1626 3922 1716 facerem,
3966 1624 4235 1716 Vestra,

946 1785 1421 1885 Spectatissimi
1447 1781 1830 1869 Auditores,
1883 1774 2194 1875 patientia
2247 1771 2521 1869 amplius
2577 1791 2789 1866 aequo
2843 1766 3168 1840 abuterer.
3274 1767 3446 1856 Quin
3498 1768 3867 1838 orationem
3920 1786 4134 1836 meam
4166 1767 4234 1836 in

949 1926 1285 2020 angustias
1353 1924 1444 1994 ita
1504 1915 1927 2014 compellam,
1992 1923 2063 1985 ut
2128 1912 2526 2009 gravissima
2595 1915 2838 1981 tantum
2858 1958 2879 1996 ,
2952 1925 3251 1998 quaeque
3321 1904 3533 1977 adhuc
3599 1905 3905 2000 neglecta
3973 1900 4238 1992 fuerint,

947 2082 1264 2158 premam.

1155 2192 1639 2269 Perlustrantes
1690 2194 1970 2287 primum
2020 2189 2342 2263 rationem
2398 2193 2463 2257 et
2515 2192 2761 2274 artem,
2832 2205 2957 2278 qua
3025 2182 3326 2276 singulae
3389 2184 3457 2254 in
3510 2179 3753 2254 Codice
3806 2179 4241 2278 Napoleoneo

952 2335 1293 2408 doctrinae
1327 2329 1668 2403 ordinatae
1703 2335 1878 2420 sunt,
1930 2330 2050 2401 vix
2092 2329 2159 2398 in
2199 2323 2465 2396 dubium
2501 2342 2754 2395 vocare
2787 2341 3160 2417 possumus,
3214 2324 3367 2416 quin
3405 2319 3488 2392 ad
3522 2323 3873 2414 imaginem
3900 2319 4243 2393 Justiniani

950 2470 1430 2545 Institutionum
1474 2465 1690 2539 efficta
1744 2467 1850 2540 sit.
1922 2462 2184 2538 Codicis
2231 2466 2407 2537 enim
2441 2463 2650 2536 nostri
2682 2460 2850 2533 liber
2884 2461 3131 2555 primus
3167 2457 3251 2530 de
3281 2461 3434 2550 Jure
3473 2467 3768 2532 statuens
3801 2479 4243 2555 personarum

951 2610 1144 2705 primi
1171 2606 1648 2680 Institutionum
1682 2602 1834 2677 libri
1884 2605 2091 2676 instar
2145 2601 2229 2674 de
2277 2602 2472 2676 vario
2514 2598 2848 2673 hominum
2880 2608 3073 2688 statu,
3128 2595 3211 2669 de
3246 2598 3685 2689 matrimoniO,
3737 2596 3820 2670 de
3854 2601 4064 2693 patria
4107 2621 4247 2695 po-

953 2753 1212 2833 testate,
1264 2742 1406 2815 aliis
1425 2795 1446 2833 ,
1515 2750 1653 2814 tum
1721 2744 1789 2813 in
1855 2743 2171 2813 extremis
2237 2738 2445 2812 literis
2500 2736 2582 2809 de
2636 2736 2853 2811 tutelis
2905 2737 3056 2831 agit.
3163 2736 3396 2833 Incipit
3446 2735 3773 2810 secundus
3824 2735 4243 2835 Napoleonei
4346 2776 4357 2780 ·

956 2881 1222 2956 Codicis
1265 2904 1392 2955 nec
1436 2902 1569 2954 non
1610 2879 2086 2954 Institutionum
2118 2874 2595 2951 Caesarem-um
2650 2874 2820 2948 liber
2854 2873 3037 2947 titulo
3098 2873 3227 2967 „de
3262 2894 3483 2946 rerum
3519 2869 3974 2966 divisione““,
4026 2896 4243 2968 quem,

951 3023 1163 3095 variis
1198 3018 1576 3116 acquirendi
1620 3018 1889 3091 dominii
1926 3015 2137 3089 modis
2169 3018 2603 3112 pertractatis,
2657 3022 3015 3120 sequuntur
3048 3010 3131 3083 de
3163 3013 3586 3087 servitutibus
3619 3021 3988 3108 praecepta.
4040 3012 4245 3086 Tertii

960 3157 1221 3233 Codicis
1273 3160 1482 3230 nostri
1536 3165 1730 3252 atque
1782 3155 2258 3228 Institutionum
2326 3152 2474 3225 libri
2542 3153 2787 3249 primus
2840 3150 3057 3222 titulus
3112 3159 3214 3223 est
3284 3150 3413 3244 „de
3475 3147 4026 3242 hereditatibus“;
4111 3160 4243 3225 tum

953 3299 1024 3372 in
1075 3306 1358 3390 utroque
1412 3292 1496 3365 de
1548 3290 2075 3387 obligationibus
2102 3294 2335 3386 agitur.
2442 3288 2868 3362 Intercalatus
2920 3309 3088 3360 vero
3142 3297 3244 3361 est
3311 3290 3379 3359 in
3428 3277 4082 3362 Franco-Gallorum
4131 3287 4247 3363 le-

955 3432 1149 3530 gibus
1202 3432 1420 3507 titulus
1472 3430 1557 3503 de
1611 3428 2071 3505 donationibus
2124 3438 2190 3501 et
2239 3429 2667 3515 testamentis,
2720 3446 2890 3521 quae
2939 3426 3006 3496 in
3058 3423 3403 3499 Justiniani
3444 3424 3953 3501 Institutionibus
4002 3429 4071 3499 in
4123 3448 4249 3499 se-

959 3570 1154 3644 cundi
1204 3565 1351 3642 libri
1401 3569 1531 3642 fine
1582 3577 2083 3667 pertractantur.
2205 3565 2522 3654 Quartum
2588 3562 2823 3637 librum
2890 3559 3326 3660 Napoleoneo
3381 3560 3606 3637 Codici
3669 3564 3908 3638 deesse
3984 3547 4247 3638 minime

957 3705 1348 3781 mirabimini
1401 3715 1811 3804 reputanteS,
1867 3706 2339 3801 obligationum
2391 3725 2484 3775 ex
2537 3701 2774 3774 delicto
2830 3701 3226 3793 doctrinam,
3282 3725 3408 3798 qua
3460 3701 3720 3775 ultimus
3771 3702 4247 3775 Institutionum

958 3844 1126 3919 liber
1177 3847 1421 3941 incipit,
1475 3842 1560 3918 ob
1613 3847 1937 3917 minorem
1989 3841 2242 3914 illarum
2292 3846 2362 3914 in
2414 3839 2733 3915 hodierno
2779 3842 2928 3933 jure
2981 3843 3377 3933 gravitatem
3430 3863 3577 3912 cum
3606 3839 3750 3913 aliis
3778 3840 4245 3934 obligationum

959 3981 1187 4079 figuris
1238 3985 1306 4055 in
1358 3985 1618 4082 tertium
1668 3980 1903 4053 librum
1957 3977 2282 4069 collatam,
2338 4021 2429 4031 —
2489 3977 2571 4050 de
2626 3976 2985 4050 actionibus
3037 4000 3207 4051 vero
3262 3978 3506 4070 titulos,
3558 3975 3900 4051 deficiente
3951 3976 4250 4051 hodierni

961 4123 1277 4219 temporis
1327 4118 1585 4216 legibus
1639 4121 1968 4190 actionum
2022 4126 2189 4207 arte,
2241 4120 2507 4189 omnino
2563 4118 2845 4187 omissos
2899 4135 3069 4187 esse.
3148 4159 3154 4166 -

1168 4257 1421 4332 Verum
1464 4257 1577 4348 jus
1632 4277 1970 4328 romanum
2023 4275 2156 4327 non
2211 4253 2420 4326 solum
2477 4255 2845 4347 argumenti
2899 4251 3348 4350 dispositione,
3401 4252 3520 4326 sed
3571 4256 3765 4326 etiam
3804 4255 4059 4327 ratione
4092 4251 4252 4325 for-

961 4418 1134 4489 mae,
1162 4417 1291 4489 qua
1326 4392 1482 4467 illud
1520 4395 1822 4466 vestitum
1859 4399 1983 4480 est,
2017 4414 2324 4484 magnam
2357 4391 2440 4464 ad
2470 4388 2943 4464 conficiendum
2971 4369 3283 4463 Codicem
3310 4387 3373 4462 N
3376 4391 3810 4486 apoleoneum
3846 4393 3984 4466 vim
4009 4387 4250 4464 babuit.

961 4533 1098 4624 Sic,
1155 4542 1225 4603 ut
1259 4529 1582 4627 exemplis
1618 4550 1788 4628 quae
1824 4527 1962 4601 dixi
1991 4525 2289 4624 probem,
2341 4530 2455 4601 lex
2508 4526 2755 4602 Gallica
2805 4529 3116 4625 peculiari
3168 4530 3489 4603 Romanis
3541 4551 3726 4603 more
3778 4531 3948 4602 inter
3992 4529 4133 4621 jus
4185 4537 4252 4600 et

960 4671 1641 4769 possessionem
1697 4665 2051 4760 distinguit,
2105 4668 2186 4741 ad
2221 4687 2470 4761 easque
2512 4669 2769 4762 species
2821 4668 3244 4742 saisinam
3289 4669 3455 4759 juris
3489 4668 3848 4761 germanici
3882 4668 4251 4755 revocavit3

972 4818 1229 4881 ——tum
1270 4805 1578 4878 discernit
1635 4808 1808 4878 inter
1850 4807 2053 4898 Jura
2103 4807 2182 4878 in
2234 4828 2329 4877 re
2381 4814 2449 4878 et
2500 4804 3153 4899 obligationes,
3203 4808 3374 4879 inter
3422 4809 3505 4878 in
3556 4827 3729 4878 rem
3785 4814 3870 4877 et
3919 4806 4002 4876 in
4053 4824 4253 4900 per-

959 4968 1266 5026 sonam
1338 4942 1897 5034 actiones14),
1978 4964 2184 5038 quare
2235 4943 2507 5020 multum
2559 4954 2784 5017 errant
2835 4948 2945 5038 qui
3010 4946 3369 5035 affirmant,
3432 4945 3539 5036 jus
3608 4939 4252 5019 Franco-Gallorum
