4782 6002
2166 693 2262 769 17

569 903 808 980 Ordo
859 903 1405 978 medicorum
1455 901 1775 1001 postulat:

988 1042 1434 1137 „Indagentur
1495 1041 2019 1138 perscrutatione
2086 1040 2560 1136 microscopica
2627 1037 3241 1116 transformationes
3259 1094 3282 1134 ‚
3351 1063 3523 1137 quae
3573 1041 3643 1116 in
3693 1067 3869 1139 gra-

993 1178 1476 1274 „nulationibus
1543 1181 2010 1275 suppuratione
2081 1177 2416 1273 productis
2483 1174 2672 1269 fiunt,
2722 1176 2874 1249 inde
2927 1176 3009 1251 ah
3060 1200 3291 1252 eorum
3344 1182 3607 1276 orig-ine
3658 1205 3867 1280 usque

995 1317 1123 1413 „ad
1174 1317 1537 1414 perfectam
1588 1310 2199 1389 cicatrisationem.“

573 1453 689 1536 Ah
743 1454 1070 1555 Ordine
1122 1452 1854 1552 philosophorum
1905 1452 2076 1525 duae
2127 1461 2578 1548 proponuntur
2632 1454 3086 1545 quaestiones:

893 1593 957 1666 1.
1034 1592 1416 1667 Disseratur
1466 1594 1550 1666 de
1601 1592 1891 1666 foederis
1941 1592 2242 1665 Rhenani
2296 1615 2336 1664 a
2386 1590 2777 1688 Napoleone
2807 1589 2897 1662 M.
2953 1587 3197 1664 conditi
3248 1590 3531 1686 origine,
3584 1590 3868 1687 legibus,
3902 1650 3933 1685 ,-

1041 1732 1368 1821 institutis„
1419 1731 1707 1805 moribus
1762 1739 1828 1804 et
1879 1730 2078 1804 rebus
2130 1733 2381 1824 gestis3

893 1868 959 1943 2.
1036 1869 1195 1942 Die
1245 1867 2071 1941 Landwirthschaft
2126 1865 2279 1943 des
2335 1864 2956 1940 Odenwaldes.

789 2005 1222 2093 Quaestiones
1275 2004 1357 2078 ab
1386 2004 1631 2078 Ordine
1663 2004 2066 2078 medicorum
2101 2014 2168 2076 et
2200 2004 2283 2078 ab
2311 2003 2561 2077 Ordine
2609 2001 3147 2101 philosophorum
3188 2003 3561 2100 propositas
3600 2010 3871 2078 rtracta-

581 2146 749 2218 turis
799 2165 960 2219 usus
1013 2144 1413 2218 vernaculae
1466 2142 1732 2237 linguae
1783 2140 2179 2215 conceditur.

790 2484 936 2557 Jam
988 2483 1279 2575 habetis,
1346 2482 1878 2574 Commilitones‚
1947 2489 2336 2578 argumenta
2404 2480 2738 2556 laboribus
2790 2483 3033 2555 vestris
3087 2480 3327 2577 digna3
3379 2481 3691 2555 Vestrum
3743 2485 3868 2556 erit

589 2626 726 2697 acri
777 2622 992 2697 studio
1047 2621 1130 2693 de
1181 2625 1489 2718 praemiis
1542 2645 1581 2694 a
1635 2618 1989 2694 CAROLO
2040 2616 2518 2693 FRIDERICO
2568 2616 2761 2693 vohis
2814 2615 3150 2692 destinatis
3204 2627 3482 2693 certare.

791 2760 1023 2834 Restat
1073 2758 1305 2849 adhuc,
1357 2769 1425 2831 ut
1475 2758 1899 2832 Faustissima
1949 2778 2251 2854 quaeque
2300 2766 2692 2855 exoptemus
2746 2762 2814 2827 et
2864 2777 2903 2825 a
2954 2757 3217 2827 numine
3252 2754 3476 2828 divino
3522 2776 3873 2852 precemur

585 2920 724 2995 pro>
763 2896 1241 2970 FRIDERICO
1267 2895 1589 2970 MAGNO
1627 2893 1867 2970 DUCE
1895 2920 1975 2970 ac
1999 2895 2292 2970 Rectore
2315 2894 2720 2969 Academiae
2753 2900 3023 2967 nostrae
3056 2891 3731 2987 Magnificentissimo,
3768 2930 3859 2948 -·

584 3059 709 3134 pro
744 3045 883 3111 tota
917 3039 1063 3130 ejus
1113 3036 1345 3113 Domo⁴
1367 3037 1865 3131 Angustissim,
1922 3074 2010 3087 -
2068 3055 2193 3132 pro
2227 3034 2512 3110 Summis
2560 3034 2762 3125 Viris,
2815 3053 3093 3128 quorum
3144 3031 3433 3104 consiliis
3484 3027 3867 3103 serenissi-

587 3196 735 3248 mus
785 3174 1103 3271 Princeps
1153 3177 1375 3266 utitur,
1436 3211 1520 3224 —-
1579 3195 1701 3270 pro
1750 3176 2178 3249 universitate
2245 3150 2583 3251 literarum
2633 3180 2859 3248 nostra
2875 3224 2898 3265 ‚
2967 3193 3161 3268 quam
3225 3169 3621 3243 incolumem
3683 3167 3869 3240 Deus

591 3309 884 3409 Optimus
935 3310 1267 3387 Maximus
1319 3321 1565 3386 servet.
1623 3351 1718 3364 ——
1772 3310 1949 3387 Dixi.
2081 3385 2090 3394 ,
