4782 6002
3819 172 3920 245 1¹1

586 349 1160 427 describebantur
1184 397 1206 435 ,
1255 370 1450 419 more
1505 357 1584 419 ut
1634 347 1943 434 videtur,
2005 369 2049 416 a
2091 344 2387 418 Graecis
2445 351 2786 440 repetito,
2848 354 3039 446 apud
3098 377 3274 445 quos
3329 355 3663 456 δεκάζειν
3709 327 3927 458 ipsam

583 482 1070 575 corrumpendi
1153 479 1725 572 significationem
1791 479 2109 569 accepit3
2181 478 2272 548 cf.
2347 477 2745 548 Hiillmanni
2827 481 3257 557 Stnatsrecht
3324 487 3448 556 des
3497 493 3929 568 Alter-thum·

468 620 473 628 “
583 615 792 706 (Gelu
831 610 1061 701 182⁰)
1095 633 1167 703 p.
1201 608 1350 679 143
1404 619 1474 680 et
1515 630 1688 698 quos
1730 606 1965 677 laudat
2000 601 2219 705 Ο.1.·“·“ι·τ
2255 606 2694 691 Hermannus
2736 610 2825 676 ad
2859 609 3143 682 Lucian.
3190 614 3282 684 de
3316 615 3494 686 Hist.
3538 619 3815 692 Conscr.
3853 649 3924 718 p.

580 743 732 813 247
781 765 921 831 sq.;
972 757 1148 831 quae
1188 749 1413 810 tamen
1450 762 1584 809 non
1611 740 1834 833 magis
1861 738 2215 832 legitimae
2247 737 2623 831 publicave
2661 746 3066 812 auctoritate
3100 750 3403 817 munitae
3438 761 3669 838 erant,
3720 774 3926 841 quam

584 872 721 965 ipsi
762 870 1135 954 divisores3
1187 870 1274 941 cf.
1320 869 1465 940 Cic.
1500 892 1630 960 pro
1671 870 1911 940 Planc.
1945 887 2005 938 c.
2054 865 2191 937 18:
2244 868 2699 952 „Decutiatio
2755 872 3151 962 tribulium,
3208 878 3587 973 descriptio
3632 885 3922 976 populi,

584 1001 911 1097 suffragia
956 1001 1331 1096 largitione
1372 998 1692 1069 devincta
1735 1000 2167 1069 severitatem
2202 1009 2480 1070 senatus
2519 1011 2589 1071 et
2616 1004 2957 1074 bonorum
2990 1009 3292 1079 omnium
3337 1012 3474 1081 vim
3509 1025 3576 1085 et
3611 1016 3924 1087 dolorem

585 1135 964 1209 excitarunt
980 1131 1079 1225 ”3,
1105 1145 1174 1203 et
1199 1156 1257 1202 c.
1295 1130 1431 1201 192
1473 1131 1640 1208 „sic
1681 1141 1756 1199 tu
1790 1131 2000 1217 doce,
2049 1139 2476 1222 sequestrem
2507 1133 2755 1222 fuisse,
2799 1136 3125 1230 largitum
3159 1161 3308 1208 esse
3330 1191 3347 1226 ,
3395 1147 3942 1237 conscripsisse,

582 1266 877 1335 tribules
927 1264 1357 1344 decuriasse;
1405 1262 1595 1353 quod
1635 1262 1698 1331 si
1740 1283 1874 1331 non
1924 1271 2160 1353 potes,
2215 1262 2358 1331 noli
2412 1263 2657 1333 tollere
2702 1287 2787 1335 ex
2839 1268 3087 1341 ordine
3126 1281 3359 1340 nostro
3399 1273 3917 1367 liberalitatem,

583 1398 723 1467 noli
759 1394 1168 1464 maleficium
1199 1402 1442 1484 putare
1480 1412 1629 1463 esse
1660 1393 1951 1485 gratiam
1974 1442 1994 1479 ,
2036 1393 2173 1462 noli
2207 1395 2711 1465 observantiam
2746 1396 3010 1467 sancire
3035 1398 3261 1489 poena
3278 1396 3332 1483 ”3
3378 1403 3502 1472 ubi
3540 1404 3678 1474 vid.
3704 1407 3923 1477 Wun-

586 1526 710 1594 der
759 1546 827 1617 p.
878 1522 1043 1591 187.
2132 1494 2143 1505 '

778 1655 1048 1741 Quibus
1073 1653 1389 1722 omnibus
1422 1652 1782 1742 perpensis
1806 1650 2410 1744 verisimillimum
2435 1652 2609 1723 mihi
2637 1626 2909 1741 esglios
2949 1657 3309 1744 divisores,
3348 1661 3407 1731 si
3441 1682 3573 1730 non
3610 1684 3918 1755 semper,

581 1795 770 1856 certe
804 1796 1033 1853 tamen
1060 1781 1245 1850 haud
1283 1802 1440 1849 raro
1474 1779 1754 1849 eosdem
1791 1780 1999 1850 fuisse
2026 1784 2460 1872 argentarios
2496 1794 2704 1874 atque
2729 1788 3169 1873 numularios,
3206 1789 3299 1860 de
3329 1790 3582 1880 quibus
3611 1792 3920 1864 laudasse

580 1914 878 1984 sufficiat
912 1912 1016 1983 Cl.
1054 1913 1336 1981 Salmas.
1378 1910 1469 1979 de
1502 1910 1680 1979 foen.
1718 1910 2120 2001 trapezitico
2153 1933 2221 2002 p.
2245 1909 2387 1985 541
2410 1884 2506 1963 ——⁴
2544 1910 2713 1999 564,
2747 1926 2816 1983 et
2837 1917 3074 1986 Desid.
3105 1918 3390 1988 Herald.
3422 1920 3630 2003 Obss.
3664 1920 3755 1991 ad
3785 1923 3919 1993 Jus

486 2124 495 2129 ,
579 2046 719 2116 Att.
754 2057 824 2116 et
850 2048 1050 2117 Rom.
1083 2046 1172 2115 11.
1211 2045 1309 2115 24
1346 2043 1583 2125 2125,
1631 2068 1697 2136 p.
1739 2042 1886 2112 173
1933 2065 2124 2131 sqq.;
2173 2043 2579 2131 praesertim
2621 2066 2831 2133 quum
2879 2047 3190 2131 Suetonii
3233 2049 3428 2114 illum
3476 2052 3705 2120 locum
3745 2076 3916 2122 con..

577 2177 851 2262 sidero,
900 2179 1022 2265 qui
1070 2187 1518 2263 utrorumque
1548 2174 1958 2242 mentionem
1996 2168 2380 2262 conjungit.
2476 2172 2631 2241 Hoc
2691 2183 2880 2243 certe
2932 2181 3235 2255 constat,
3307 2195 3529 2263 aeque
3585 2177 3790 2246 vilem
3849 2191 3920 2249 et

576 2302 943 2375 sordidum
972 2301 1602 2386 horum‘quaestum
1637 2296 1883 2378 fuisse3
1919 2298 2042 2383 qui
2072 2297 2202 2363 etsi
2227 2320 2356 2387 per
2386 2320 2462 2366 se
2483 2298 2764 2384 quidem
2798 2322 3082 2388 prorsus
3099 2301 3328 2391 justus
3361 2314 3429 2371 et
3458 2305 3686 2376 licitus
3716 2317 3915 2392 esset,

564 2433 903 2503 ,videntur
940 2428 1302 2497 tamen‘illi
1336 2426 1528 2495 haud
1565 2424 1982 2507 difficulter,
2030 2424 2226 2493 abusi
2282 2423 2409 2495 sua
2457 2427 2528 2494 in
2590 2425 2908 2497 homines
2961 2431 3051 2497 de
3094 2432 3303 2521 plebe
3358 2435 3426 2501 vi
3469 2455 3552 2503 ac
3607 2437 3912 2526 potentit

578 2560 1012 2654 proclivique
1043 2559 1371 2650 pecuniae
1399 2551 1793 2637 affluentia,
1842 2554 2038 2622 illum
2081 2574 2358 2642 quoque
2398 2554 2791 2648 largitionis
2825 2553 3300 2648 procurandae
3336 2575 3692 2653 quaestum
3729 2566 3799 2633 in
3835 2587 3913 2635 se

576 2691 1013 2760 transtulisse.
1063 2684 1270 2774 Quod
1302 2695 1530 2756 tamen
1564 2686 1767 2756 etiam
1799 2686 1858 2755 si
1896 2687 2011 2756 cni
2046 2684 2275 2756 minus
2315 2684 2685 2778 probabile
2724 2690 3077 2779 videatur,
3125 2693 3264 2763 hoc
3304 2704 3527 2765 tamen
3562 2694 3919 2784 concedet,

583 2846 830 2921 spero,
869 2824 1207 2916 privatos
1258 2821 1574 2889 homines
1620 2839 1895 2909 semper
1935 2819 2148 2888 fuisse
2187 2821 2565 2901 divisores,
2616 2822 2736 2907 qni
2799 2823 2976 2891 lucri
3025 2825 3307 2914 cupidi,
3359 2824 3548 2894 nulla
3597 2828 3761 2920 lege
3808 2826 3918 2894 in·

580 2954 823 3036 stituti,
860 2953 1237 3023 fecundum
1274 2953 1495 3037 illum,
1530 2972 1734 3041 quem
1761 2948 2007 3021 Cicero
2053 2947 2265 3033 dicit,
2301 2949 2737 3039 maximeque
2767 2950 3052 3021 uberem
3090 2961 3447 3041 quaestum
3466 2965 3917 3048 campestrem

580 3107 706 3158 suo
742 3086 1057 3180 periculo
1091 3093 1501 3154 exercerent.
1551 3084 1787 3154 Unum
1820 3090 2029 3151 restat
2059 3083 2471 3151 adversariis
2499 3081 2965 3173 praesidium,
2997 3082 3185 3170 quod
3216 3092 3442 3152 tamen
3473 3085 3660 3153 nullo
3698 3108 3913 3178 nego·

586 3219 687 3288 tio
722 3219 1100 3314 expugnari
1139 3227 1342 3310 posse
1374 3215 1574 3284 nobis
1604 3212 1915 3283 videtur:
1964 3212 2321 3282 Plautinus
2360 3213 2484 3280 ille
2516 3187 2809 3282 locus-in
2829 3211 3222 3300 Aulularia,
3269 3214 3390 3301 qui
3418 3211 3567 3303 jam
3611 3223 3916 3282 veterem

583 3346 936 3420 Ciceronis
967 3351 1405 3442 interpretem
1438 3342 1892 3417 conturbavit.
1957 3343 2071 3412 Ibi
2116 3342 2294 3412 enim
2334 3343 2434 3434 (Ι.
2468 3343 2535 3412 2.
2567 3342 2715 3433 29)
2760 3313 3002 3413 auarus
3035 3345 3318 3415 Euclio:
3371 3346 3611 3430 „Nam
3646 3355 3916 3429 noster,

583 3473 848 3565 inquit,
890 3489 1160 3547 nostrae
1200 3481 1319 3567 qui
1347 3485 1449 3550 est
1476 3475 1831 3570 magister
1865 3463 2154 3553 euriae,
2205 3470 2525 3542 dividere
2561 3474 2832 3566 argenti
2868 3474 3049 3542 dixit
3085 3495 3324 3545 numos
3349 3476 3423 3544 in
3463 3477 3682 3556 viros3
3734 3475 3810 3541 id
3852 3476 3911 3543 si

586 3605 898 3695 relinquo
943 3625 1026 3673 ac
1062 3627 1191 3673 non
1221 3616 1423 3697 peto,
1474 3628 1710 3675 omnes
1751 3605 1941 3674 illico
1971 3626 2080 3672 me
2110 3604 2582 3693 suspicentur,
2631 3603 2887 3687 credo,
2939 3603 3201 3676 habere
3239 3627 3476 3691 aurum
3517 3600 3791 3686 domi”;
3842 3615 3910 3687 et

586 3735 870 3807 inferius
906 3733 1135 3825 (112.
1173 3733 1209 3800 1
1238 3734 1305 3824 J:
1355 3735 1864 3828 „Praesagibat
1896 3732 2068 3803 mihi
2111 3733 2416 3812 animus,
2465 3732 2713 3804 frustra
2750 3757 2861 3804 me
2902 3735 3043 3820 ire,
3093 3757 3302 3823 quum
3351 3732 3620 3802 exibam
3666 3734 3909 3819 domo,

585 3868 815 3960 itaque
850 3866 1125 3936 abibam
1171 3864 1457 3948 invitus3
1511 3888 1664 3933 nam
1692 3889 1923 3955 neque
1954 3868 2317 3956 quisquam
2351 3867 2709 3936 curialium
2744 3869 2969 3951 venit,
3018 3889 3239 3956 neque
3273 3867 3653 3960 magister,
3703 3890 3907 3956 quem

588 3999 914 4071 davidem
945 4007 1302 4095 argentum
1344 4000 1649 4090 oportuit
1665 3995 1718 4068 ”.
1767 3999 1911 4070 Sed
1963 4002 2132 4090 quid
2170 4002 2305 4069 hoc
2339 4000 2430 4068 ad
2463 3995 2663 4070 rem?
2711 3999 2895 4066 Num
2928 3997 3055 4066 hos
3089 3996 3452 4088 magistros
3489 3998 3722 4066 curiae
3752 4018 3906 4066 eos-

596 4127 758 4200 dem
782 4128 1092 4201 dicamus
1124 4140 1328 4220 atque
1351 4131 1508 4202 illos
1541 4126 1927 4200 divisores?
1956 4130 2280 4199 Nondum
2301 4132 2527 4200 Plauti
2561 4139 2783 4198 aetate
2817 4137 2955 4198 tam
2989 4129 3342 4217 inquinata
3380 4141 3576 4199 erant
3610 4130 3910 4215 comitia,
4043 4207 4050 4216 ,

585 4269 665 4329 ut
700 4257 1017 4329 curiatim
1059 4262 1485 4331 divideretur
1521 4261 1818 4352 pecunia
1854 4262 2178 4349 civesque
2208 4261 2405 4350 quasi
2441 4259 2726 4354 publice
2765 4270 3384 4360 corrumperentur.
3458 4258 3569 4327 An
3623 4277 3909 4347 nsquam
3971 4289 3978 4296 ·

593 4392 684 4460 de
721 4386 1037 4483 legitima
1085 4389 1387 4477 quadam
1426 4411 1554 4483 per
1606 4392 1830 4462 curias
1868 4393 2234 4484 largitione
2279 4394 2347 4462 in
2390 4392 2750 4484 republica
2797 4391 3106 4460 Romana
3148 4392 3404 4460 mentio
3451 4387 3586 4458 fit?
3635 4388 3908 4477 qualem

588 4525 816 4589 tamen
846 4529 1087 4611 aperte
1099 4519 1382 4589 Plautus
1412 4522 1800 4615 significat,
1831 4545 2041 4612 quum
2073 4544 2308 4594 senem
2345 4495 2689 4592 dicentem
2716 4521 2887 4591 facit
2901 4525 3192 4612 ,⁸-petere
3221 4542 3298 4589 se
3321 4518 3680 4611 pecuniam
3710 4520 3908 4603 velle,

591 4669 794 4735 quam
841 4652 899 4718 si
946 4673 1079 4722 non
1117 4651 1470 4745 petiisset,
1520 4655 1671 4726 fore
1713 4664 1790 4725 ut
1822 4678 2054 4727 omnes
2099 4657 2385 4726 divitem
2421 4677 2496 4725 se
2528 4660 2791 4746 putent.
2859 4652 3103 4739 Neque
3142 4615 3438 4739 unquam
3492 4671 3621 4743 per
3667 4648 3911 4718 emus
