4782 6002
2185 491 2316 572 ΛΕ)

564 745 575 766 ‘
626 747 811 816 ‘ratio'
850 733 1351 835 Heidelbergae
1403 739 1621 815 habita
1692 753 1839 830 est,
1900 746 1969 814 in
2030 739 2300 815 ‘statutis
2356 732 3138 830 autbm‘teautuwoerw,
3193 751 3312 830 ‘ut,
3375 759 3530 812 *cum
3585 741 3841 835 ‘legista
3895 746 3965 815 in

636 880 948 953 facultate
1005 880 1309 969 deesset,
1364 883 1426 951 in
1484 859 2016 952 examinibus-et
2070 841 2596 975 promotionibus
2653 877 2890 963 doctor
2946 878 3054 949 vel
3110 879 3477 951 licentiatus
3528 881 3694 971 juris
3727 880 3962 954 'olvffls

634 1029 1127 1106 arcesseretur,
1185 1019 1400 1091 donec
1453 1018 1735 1090 facultas
1788 1017 1902 1089 vel
1940 1017 2081 1087 ‘bac
2136 1016 2642 1111 rationeplena
2673 1009 2879 1086 ³edset
2909 1011 3174 1087 rma>
3239 1053 3246 1068 ·

843 1121 1201 1248 Scholares
1278 1158 1342 1227 in
1400 1155 1617 1228 bursis
1690 1152 2103 1241 habitabant,
2179 1153 2262 1223 de
2334 1131 3038 1246 quarum'visitatione
3109 1157 3497 1248 praesertim
3570 1176 3690 1252 per
3761 1155 3965 1229 horas

624 1304 993 1369 nocturnas
1048 1294 1234 1390 plura
1287 1297 1355 1365 in
1424 1291 1670 1365 Codice
1698 1294 2122 1364 inveniuntur
2173 1301 2449 1374 statuta,
2506 1292 2654 1384 quia
2708 1289 3052 1363 bursarum
3080 1296 3435 1389 praepositi
3493 1294 3690 1365 multa
3745 1294 3967 1366 celare

640 1432 968 1504 solebant.

845 1568 979 1642 Per
1047 1578 1252 1641 totum
1343 1568 1490 1641 fere
1586 1569 1867 1642 medium
1968 1569 2208 1644 seium
2292 1569 2528 1666 11161·οζ
2573 1569 2842 1666 pqtiquo
2939 1569 3169 1639 literae
3241 1567 3698 1641 tractabantur.
3847 1569 3968 1641 Jus

637 1707 1047 1779 Canonicum
1104 1704 1444 1778 colebatur
1498 1716 1801 1802 tanquam
1832 1709 2160 1804 antiquum
2194 1728 2408 1800 aeque
2436 1715 2633 1802 atque
2661 1727 2944 1779 novum:
3001 1729 3161 1778 mox
3202 1727 3366 1778 vero
3423 1706 3757 1779 decretum
3815 1730 3964 1780 cum

639 1844 951 1942 paulatim
980 1849 1044 1916 in
1103 1843 1598 1922 desuetudinem
1654 1842 1960 1934 abiisset,
2014 1847 2118 1934 ius
2164 1817 2586 1915 decretalium
2618 1821 2891 1940 priinum
2924 1843 3199 1915 o‘btinui't
3225 1839 3471 1933 locum,
3515 1845 3961 1939 conjungique

641 2006 790 2054 cum
852 2005 938 2054 eo
991 1993 1222 2079 coepta
1280 1992 1383 2055 est
1434 1983 1705 2055 historia
1759 1982 2206 2055 ecclesiastica
2262 1982 2586 2077 simulque
2642 1986 2835 2054 etiam
2880 1984 2994 2076 jus
3038 1953 3441 2071 Canonicum
3496 1985 3559 2054 in
3615 1981 3755 2053 dies
3809 2006 3965 2054 ma-

638 2123 857 2214 jorem
916 2123 1051 2192 vim
1107 2125 1357 2217 accepit
1412 2125 1475 2193 in
1550 2142 1911 2219 processu,
1966 2119 2433 2193 accedentibus
2486 2124 2927 2217 practicorum
2981 2119 3320 2192 sententiis
3373 2118 3522 2191 inde
3576 2144 3613 2191 a
3669 2119 3963 2193 Durandi

642 2268 880 2331 aetate.
984 2257 1299 2331 Paulatim
1329 2259 1607 2354 legistae
1641 2259 1761 2331 sed
1791 2263 2045 2331 rarius
2028 2281 2090 2330 111
2123 2257 2518 2348 Germania,
2573 2280 2763 2351 quam
2819 2259 2884 2329 in
2929 2257 3109 2329 ltalia
3164 2268 3229 2329 et
3284 2253 3492 2329 Gallia
3546 2259 3963 2347 exoriuntur,

640 2400 1032 2494 praesertim
1090 2399 1152 2468 in
1234 2396 1639 2485 Palatinatu,
1730 2421 1875 2470 cum
1930 2401 2259 2495 principes
2312 2397 2587 2470 Palatini
2645 2394 2946 2467 crebrius
3002 2398 3512 2485 constituerent,
3585 2405 3653 2468 ut
3706 2420 3744 2468 a
3807 2399 3963 2488 jure

643 2533 1020 2658 particulari
1077 2556 1291 2630 eoque
1345 2535 1538 2606 solito
1594 2534 1892 2607 standum
1949 2544 2167 2624 esset,
2232 2538 2320 2606 ita
2407 2544 2476 2606 ut
2549 2556 2780 2622 ornnes
2876 2534 3094 2606 sontes
3154 2535 3325 2627 juris
3398 2533 3571 2607 illius
3643 2538 3960 2632 temporis

642 2669 756 2744 vel
812 2673 878 2743 in
922 2673 1078 2764 jure
1133 2667 1473 2744 Canonico
1529 2671 1635 2743 vel
1688 2672 2064 2767 particulari
2118 2670 2519 2744 Germanico
2557 2675 2987 2768 reperiantur.
3008 2669 3079 2756 ²⁷⁴²)
3188 2671 3514 2758 Quoniam
3569 2691 3735 2745 vero
3789 2693 3961 2768 pro-

644 2807 992 2902 grediente
1037 2812 1207 2902 juris
1260 2812 1531 2882 scientia
1586 2808 1947 2881 secundum
2053 2805 2402 2881 Bartoli
2456 2813 2779 2882 rationem
2833 2818 2917 2880 et
2933 2811 3208 2882 serioris
3234 2813 3385 2882 aevi
3413 2807 3608 2881 medii
3637 2813 3960 2883 rationem

638 2947 747 3039 jus
802 2945 1290 3043 quodammodo
1345 2969 1694 3022 commune
1750 2950 1934 3042 quasi
1986 2935 2260 3039 mixtum
2315 2969 2408 3020 ex
2476 2950 2621 3041 jure
2672 2945 2974 3021 Romano
3046 2919 3114 3020 et
3165 2945 3506 3022 Canonico
3579 2945 3961 3042 colebatur,

639 3094 781 3158 tres
831 3089 897 3157 in
954 3084 1406 3159 Universitate
1458 3086 1876 3183 professores
1932 3056 2135 3159 creati
2189 3096 2376 3175 sunt,
2452 3082 2757 3177 Codicis,
2829 3066 3307 3159 Institutionum
3361 3097 3426 3157 et
3453 3082 3958 3159 Pandectarum

851 3222 1101 3309 Quibus
1156 3221 1241 3295 de
1300 3220 1538 3313 rebus,
1593 3246 1789 3317 quum
1845 3222 2104 3296 abunde
2158 3200 2529 3319 expositum
2585 3228 2666 3295 sit
2719 3249 2758 3298 a
2813 3196 3132 3296 celeberr.
3241 3221 3755 3320 WundtIo,**)
3830 3225 3958 3298 1100

570 3418 573 3421 ,
640 3360 796 3434 1000
849 3361 1142 3458 pluribus
1197 3384 1407 3454 agere
1460 3361 1629 3434 baud
1684 3362 2133 3435 necessarium
2190 3384 2344 3434 esse
2400 3358 2678 3435 videtur.

850 3497 1087 3593 Neque
1140 3499 1271 3571 alio
1328 3496 1524 3571 modo
1576 3509 1756 3571 artes
1809 3498 1892 3571 ad
1948 3502 2266 3572 rationem
2324 3503 2654 3595 antiquam
2714 3510 2780 3572 et
2832 3498 3090 3571 solitam
3147 3498 3632 3593 tractabantur,
3705 3502 3961 3597 ipsique

645 3634 1113 3709 Jurisconsulti
1170 3641 1467 3730 magistri
1523 3639 1755 3709 artium
1811 3658 2075 3731 quoque
2128 3658 2281 3721 esse
2335 3636 2747 3727 maluerunt,
2800 3658 2931 3708 non
2987 3636 3198 3709 solum
3249 3636 3521 3709 honoris
3591 3647 3658 3708 et
3725 3646 3994 3709 recto-·

852 3990 921 4073 ⁸')
964 3996 1248 4057 Htifler
1303 3999 1369 4055 in
1424 3997 1577 4056 libro
1655 3999 2001 4077 „Rupertus
2043 3996 2372 4057 Palatinus.
2420 3996 2726 4076 nium-gi,
2779 4000 2966 4060 1861.
2995 4016 3148 4075 vag.
3227 3998 3370 4058 129.
3426 4001 3534 4056 not
3581 3998 3635 4054 3.
3693 3996 3948 4071 profert:
4009 4024 4022 4033 -

640 4118 795 4175 haec
875 4118 1005 4195 „Da
1062 4117 1235 4175 Laud
1295 4117 1417 4175 und
1476 4118 1710 4175 Leuten
1770 4136 1889 4176 von
1960 4117 2099 4176 dem
2170 4119 2706 4177 Kaiserrecht:
2776 4135 3019 4196 grosser
3073 4118 3354 4177 Sehaden
3409 4118 3717 4195 begegnet
3770 4124 3942 4176 ware

641 4236 763 4293 und
808 4237 966 4295 noch
1009 4237 1399 4313 beverstehe‚
1461 4256 1528 4294 so
1592 4239 1775 4295 wolle
1821 4256 1884 4295 er
1944 4238 2233 4317 (Rupert)
2292 4240 2432 4298 dass
2487 4240 2883 4299 hasebrieben
2951 4240 3185 4299 Rechts
3240 4212 3465 4296 unsern
3520 4238 3800 4296 Laudem
3860 4257 3958 4296 am

642 4356 840 4413 Rheiu
886 4356 1113 4414 wieder
1156 4359 1347 4415 sollen
1389 4357 1779 4415 besehrieben
1828 4360 2020 4435 geben
2068 4360 2316 4419 werden
2360 4363 2422 4417 in
2469 4361 2766 4435 michem,
2815 4362 2955 4418 dass
2975 4362 3104 4443 sich
3147 4377 3328 4418 unser
3358 4360 3535 4418 Sffidt
3579 4358 3702 4416 und
3735 4358 3958 4417 Dfirfer

643 4476 909 4534 dai-nach
954 4477 1269 4554 gerichten
1311 4484 1550 4555 mogon.
1605 4470 1864 4556 „Toluer
1905 4480 2046 4538 hist..
2105 4481 2303 4557 palat„
2353 4500 2475 4556 qua
2532 4500 2677 4539 vero
2721 4481 2999 4557 docetur,
3059 4464 3241 4537 talem
3281 4481 3497 4537 librum
3553 4480 3716 4538 nullo
3777 4479 3957 4538 modo

644 4615 778 4656 esse
819 4600 1172 4674 perfectum.
1263 4600 1454 4677 (Mate
1495 4600 1580 4657 ibi
1623 4602 1842 4658 citatur
1888 4598 2017 4660 doe.
2062 4602 2381 4659 Lxxxv.
2429 4621 2540 4678 pro
2585 4598 3027 4676 LXXXVIII.)
3207 4570 3212 4579 ’

852 4715 959 4795 *Ὅ
1005 4723 1376 4798 Programm.
1425 4722 1499 4779 de
1545 4723 1778 4799 origine
1838 4727 1897 4778 et
1941 4740 2265 4800 progressu
2322 4723 2636 4781 10011110ῑί0
2672 4719 2972 4795 51114ἃὶοώ
3009 4702 3086 4779 'in
3129 4700 3326 4781 Aah&
3377 4722 3650 4781 Heidelb.
3697 4739 3835 4797 pag.
3883 4718 3954 4778 V.

3493 4812 3539 4884 2
