4782 6002
2217 479 2311 554 19

550 717 809 786 ·vitam
863 713 1219 809 probatos,
1291 717 1613 812 simulque
1668 669 2005 813 dptamuS,
2077 729 2146 790 ut
2197 725 2265 792 in
2345 732 2702 817 posterum·
2758 675 3022 819 qnoque
3089 722 3263 796 hunc
3301 723 3505 804 <diem
3577 727 3918 801 nebiscum

603 851 985 924 felicissime
1037 831 1358 948 peragant
1412 845 1809 951 saepiusque
1860 863 2191 952 peracturi
2244 863 2394 932 sint.

823 1215 1489 1311 Theologorum
1518 1216 1700 1289 Ordo
1745 1217 1916 1288 hanc
1941 1229 2381 1314 proposuerat
2408 1223 2898 1315 quaestionem:
2954 1219 3340 1316 Explicetur
3393 1227 3575 1295 notio
3632 1248 3932 1321 congre-

622 1356 909 1446 gationis
963 1363 1385 1444 sanctornm,
1453 1377 1623 1450 quae
1677 1353 1961 1426 ecclesia
2015 1356 2369 1428 christiana
2440 1378 2593 1427 esse
2664 1356 2933 1447 dicitur,
3005 1360 3326 1457 simulque
3400 1363 3794 1455 colligantur
3857 1375 3924 1437 et

572 1490 1050 1585 „dijudicentur
1103 1471 1471 1565 sententiae
1525 1497 1865 1581 virorum,
1917 1497 2022 1586 qui
2069 1504 2197 1565 tam
2252 1506 2487 1567 vetere
2542 1518 2736 1587 quam
2768 1501 3118 1569 recentiori
3166 1520 3338 1571 aevo
3383 1498 3465 1570 de
3519 1525 3600 1573 ea
3653 1506 3922 1576 notione

612 1629 1151 1738 disputaverunt.¹

824 1768 992 1841 Huic
1047 1772 1413 1864 quaestioni
1462 1781 1664 1841 ‘nemo
1719 1769 2076 1866 respondit.

820 1904 1002 1979 Ordo
1057 1907 1730 1981 Jurisconsulto
1755 1932 1923 1979 rum
1975 1920 2423 2004 proposuerat
2476 1912 2967 2002 quaestionem:

821 2021 1306 2154 „Explicentur
1360 2044 1764 2118 differentiae
1819 2050 2104 2119 criminis
2158 2048 2305 2118 falsi
2361 2058 2426 2117 et
2481 2048 2955 2120 stellionatuS.“

821 2183 1095 2256 Oblatae
1148 2194 1302 2258 sunt
1353 2185 1522 2256 duae
1577 2188 2205 2272 commentationes,
2260 2207 2534 2278 quarum
2587 2190 2771 2279 prior
2823 2184 3051 2257 verbis
3109 2190 3423 2283 inscripta
3480 2170 3653 2259 est:=

1036 2320 1365 2418 „Capta
1398 2345 1489 2394 re
1541 2345 1709 2395 non
1765 2344 2097 2420 capere
2142 2323 2360 2394 licet
2413 2297 2940 2395 verit'ate1n“

623 2460 869 2532 altera:
2713 2443 2716 2446 ¹

1037 2593 1485 2689 „veritati
1538 2602 1999 2668 contraria
2057 2609 2190 2668 est
2234 2601 2695 2669 sententia
2767 2600 3268 2688 declarans,
3314 2624 3376 2671 m
3406 2600 3684 2675 undus
3731 2603 3928 2676 vult

1036 2736 1371 2832 decipi,
1425 2757 1645 2828 ergo
1702 2731 2265 2830 decipiatur.“

828 2873 1202 2947 Dolendum
1255 2883 1395 2964 est,
1448 2884 1754 2946 auctores
1810 2876 2146 2966 utriusque
2200 2873 2766 2946 commentationis
2823 2895 3036 2969 neque
3089 2873 3423 2947 historiam
3469 2879 3640 2967 juris
3693 2879 3927 2948 crimi-

617 3015 785 3088 nalis
838 3017 1335 3106 Romanorum,
1386 3035 1607 3108 neque
1660 3014 1994 3085 historiam
2050 3014 2323 3085 rationis
2397 2985 2871 3109 perspexisse,
2943 3036 3112 3110 quae
3165 3017 3335 3086 inter
3389 3015 3577 3107 leges
3631 3024 3928 3111 tempore

612 3148 1015 3250 reipublicae
1066 3150 1413 3225 Romanae
1466 3152 1671 3242 latas,
1725 3162 1790 3224 et
1816 3156 1985 3224 inter
2029 3157 2139 3244 jus
2192 3152 2631 3268 accusationis
2686 3162 2750 3225 et
2803 3152 3068 3226 modum
3121 3152 3523 3250 procedendi
3552 3153 3924 3246 inter-,cedit3

613 3292 676 3365 id
733 3314 996 3388 quoque
1051 3290 1402 3364 dolendum
1458 3300 1579 3380 est,
1635 3300 1983 3386 utrumque
2038 3300 2374 3363 auctorem
2431 3303 2682 3363 arctum
2712 3314 2998 3382 nexum,
3054 3296 3162 3385 qui
3199 3295 3367 3362 inter
3418 3293 3524 3383 jus
3579 3291 3918 3366 criminale

494 3450 503 3455 ·
613 3439 684 3501 et
726 3432 838 3522 Jus
895 3430 1091 3501 civile
1164 3428 1334 3524 apud
1390 3422 1729 3500 Romanos
1802 3426 2115 3516 obtinuit,
2184 3426 2351 3499 haud
2425 3432 2582 3501 satis
2653 3435 3058 3527 percepisse.
3167 3428 3541 3502 Omiserunt
3606 3440 3910 3503 auctores

614 3570 954 3662 utriusque
1008 3564 1575 3639 commentationis
1606 3566 1941 3659 inquirere
1971 3570 2035 3637 in
2063 3567 2488 3662 principium,
2544 3590 2674 3660 quo
2703 3566 2984 3638 Romani
3033 3535 3394 3640 libertatem
3426 3568 3804 3640 commercii
3856 3576 3921 3637 et

612 3704 777 3776 lucri
828 3702 1110 3775 faciendi
1162 3703 1442 3776 studium
1500 3727 1647 3775 cum
1705 3705 2219 3777 contrahentium
2273 3700 2675 3796 obligatione
2733 3708 3080 3777 veritatem
3135 3706 3519 3800 proferendi
3596 3670 3916 3777 concilia-

611 3847 870 3931 verint3
925 3840 1113 3915 deest
1164 3845 1229 3914 in
1283 3840 1943 3943 commentationibus
1999 3843 2367 3938 exploratio
2425 3846 2788 3913 sententiae
2845 3838 3186 3914 Ciceronis
3299 3842 3432 3925 (Dc
3506 3816 3781 3934 officiis)
3813 3904 3821 3913 ,
3854 3852 3923 3913 et

613 3980 891 4054 aliorum
942 3979 1482 4077 philosophorum
1510 3984 1959 4075 Romanorum
2013 3981 2096 4053 de
2150 3978 2421 4068 finibuS,
2478 3985 2644 4053 intra
2701 3996 2867 4077 quos
2915 3981 3095 4053 fraus
3150 3992 3214 4052 et
3271 3978 3585 4052 calliditas
3642 3986 3705 4051 in
3744 4002 3914 4053 con-,-

611 4119 922 4192 tractibus
975 4119 1222 4192 admitti
1274 4123 1499 4216 possit.
1603 4114 1924 4227 Nationes
1979 4123 2268 4192 criminis
2321 4119 2472 4191 salsi
2499 4130 2566 4192 et
2601 4119 3007 4192 stellionatus
3037 4118 3117 4191 ab
3160 4116 3533 4190 auctoribus
3564 4098 3912 4189 commen-

613 4259 925 4329 tationum
987 4258 1283 4351 prolatae
1340 4260 1526 4330 nimis
1578 4258 1709 4329 iate
1762 4267 2000 4352 patent.
2106 4256 2553 4329 Gravissimas
2624 4260 3043 4350 quaestiones
3115 4260 3180 4329 in
3248 4256 3372 4328 hac
3442 4256 3737 4329 doctrina
3807 4257 3920 4329 vel

611 4395 807 4490 plane
860 4400 1223 4468 omiserunt
1303 4396 1413 4468 vel
1465 4394 1663 4467 labris
1736 4405 1978 4467 tantum
2051 4399 2422 4489 attigerunt.
2546 4395 2985 4489 Fragmenta,
3039 4417 3207 4490 quae
3263 4398 3337 4466 in
3417 4396 3561 4486 jure
3613 4392 3918 4467 Romano

614 4532 695 4604 ad
751 4537 999 4605 crimen
1056 4533 1202 4605 falsi
1257 4544 1323 4604 et
1375 4534 1783 4605 stellionatus
1854 4500 2225 4628 pertinent,
2308 4532 2391 4604 ab
2445 4532 2819 4605 auctoribus
2888 4534 3000 4647 vel
3068 4554 3344 4629 prorsus
3413 4530 3719 4625 neglecta
3809 4531 3921 4605 vel

612 4670 856 4745 leviter
908 4672 1235 4767 explicata
1288 4682 1478 4761 sunt3
1547 4693 1769 4765 neque
1818 4669 2013 4742 iidem
2070 4648 2373 4743 auctores
2444 4673 2834 4766 perscrutati
2902 4678 3053 4741 sunt
3120 4673 3524 4763 sententias,
3595 4691 3765 4765 quae
3834 4668 3917 4742 ab
