4782 6002
1023 266 1406 349 commoda
1465 290 1720 342 rursus
1780 265 2160 365 perierint.
2289 264 2532 340 Utiles
2580 273 2823 345 utem
2869 269 3246 366 impensae
3313 266 3767 345 solummodo
3828 276 4072 371 repeti
4135 296 4314 373 pos-

1024 420 1233 503 sunt,
1302 411 1367 484 si
1431 408 1524 483 ab
1588 410 1755 506 ipso
1820 405 2112 481 domino
2180 412 2501 504 coeptae
2524 456 2546 497 ‚
2621 415 2751 482 aut
2815 397 2910 483 eo
2963 410 3474 484 consentiente
3524 406 3774 486 factae
3802 387 4032 505 sunt.
4101 415 4318 514 lege·

1031 556 1221 628 enim
1269 551 1413 626 hac
1462 517 1559 626 de
1610 574 1696 625 re
1746 554 1869 627 sic‘
1900 550 2345 648 loquunturz
2419 557 2501 623 nt
2547 570 2789 646 neque
2841 547 3206 625 delicatus
3257 546 3593 641 debitor,
3661 556 3930 649 neque'
3955 576 4316 630 onerosus

1027 693 1355 770 creditor
1420 691 1784 767 audiatur.
1910 691 2034 771 Cf.
2089 691 2182 767 fr.
2234 695 2285 765 8
2334 716 2444 793 pr.
2498 689 2570 767 h.
2623 698 2674 764 t.
2743 692 2837 769 fr.
2892 696 2989 768 25
3042 693 3210 770 eod.
3261 696 3442 788 (13,
3491 694 3606 786 7).
3653 697 3664 707 “
3708 691 3968 771 Comt.
4021 701 4071 772 7
4125 694 4317 773 Cod.

1026 837 1196 915 eod.
1250 841 1384 932 (4,
1424 842 1585 932 24).
1648 830 1748 931 ¹⁶)

2548 1092 2620 1172 s.
2687 1080 2798 1152 1⁰.

2059 1228 2169 1320 ὅ]
2264 1224 2370 1299 In
2420 1226 2763 1301 doctrina
2811 1219 2903 1295 de
2953 1220 3141 1294 dote.
3207 1217 3304 1313 ¹⁷)

1234 1370 1620 1469 Impensae
1672 1369 2146 1442 necessariae
2200 1369 2274 1438 in
2324 1364 2574 1439 dotem
2623 1364 2871 1441 factae
2898 1416 2920 1456 ‚
2991 1366 3058 1438 si
3107 1364 3201 1437 iis
3252 1359 3393 1437 dos
3443 1371 3802 1462 augetur,
3879 1390 4119 1465 neque
4183 1371 4320 1442 im-

1035 1537 1314 1615 pensae
1368 1510 1778 1589 infractus
1828 1510 2062 1585 solum
2121 1534 2168 1584 a
2217 1512 2480 1588 marito
2545 1501 3073 1604 concipiendos
3138 1503 3386 1581 factae
3450 1512 3664 1596 sunt,
3741 1528 4033 1607 semper
4097 1511 4321 1583 resti-

1034 1664 1329 1735 tuantur
1380 1618 1709 1756 oportet.
1802 1653 1933 1728 Fr.
1993 1657 2026 1726 1
2086 1661 2159 1740 5.
2213 1654 2282 1724 2.
2333 1654 2405 1726 a.
2458 1651 2550 1725 fr.
2597 1654 2646 1723 3
2698 1657 2769 1736 5.
2804 1651 2875 1720 3.
2929 1646 3021 1722 fr.
3076 1649 3186 1720 15.
3239 1647 3332 1720 fr.
3385 1651 3497 1741 16.
3549 1647 3643 1721 fr.
3694 1651 3806 1722 13.
3860 1620 3953 1722 ι’).
4008 1648 4104 1726 de
4156 1654 4322 1749 imp.

1030 1799 1106 1871 in
1157 1818 1281 1870 res
1335 1798 1484 1869 dot.
1541 1796 1884 1887 (25,1).
1936 1790 2026 1886 ¹⁸]
3733 1824 3740 1829 ·

1100 1988 1109 1995 -
1235 1932 1350 2009 ob
1393 1932 1529 2008 has
1569 1936 2036 2009 necessarias
2074 1936 2443 2035 impensas
2484 1939 2906 2012 recentiore
2941 1940 3116 2035 jure
3148 1936 3358 2011 Rom.
3397 1878 3716 2012 retentio
3750 1940 3964 2011 etiam
4009 1945 4085 2012 et
4119 1961 4324 2013 com-

1034 2079 1372 2176 pensatio
1445 2078 1610 2149 viro
1679 2097 2042 2155 concessa
2109 2085 2263 2168 est,
2329 2082 2552 2150 vetus
2604 2079 2733 2174 Jus
2781 2075 2992 2151 Rom.
3046 2074 3362 2152 dederat
3427 2076 3952 2153 condictionem
4011 2075 4322 2155 indebiti

1033 2229 1112 2296 et
1162 2222 1527 2297 actionem
1578 2241 1747 2318 neg.
1798 2227 1991 2317 gest.
2043 2219 2175 2295 vel
2229 2217 2551 2293 mandati
2601 2221 2986 2294 actionem.
3087 2216 3221 2291 Fr.
3262 2221 3314 2290 5
3364 2225 3435 2306 s.
3481 2223 3526 2291 2
3579 2216 3674 2295 de
3713 2220 3882 2318 imp.
3931 2221 4007 2291 in
4053 2244 4113 2291 r.
4165 2216 4322 2292 dot.

1032 2362 1213 2453 (25,
1255 2364 1338 2452 1)
1408 2359 1500 2434 fr.
1553 2362 1652 2433 56
1722 2370 1796 2448 S.
1848 2359 1978 2435 ult.
2034 2358 2129 2435 de
2175 2364 2350 2459 jure
2404 2358 2557 2435 dot.
2626 2362 2804 2454 (23,
2840 2362 2973 2451 3).’
3058 2357 3332 2436 Const.-
3375 2383 3491 2432 un.
3562 2368 3634 2446 S.
3686 2362 3735 2431 5
3807 2354 4001 2433 cod.
4068 2358 4165 2435 de
4215 2364 4327 2434 rei

1036 2528 1250 2580 uxor.
1290 2512 1436 2583 aot.
1484 2507 1616 2597 (5,
1664 2507 1820 2597 13).
1873 2503 1963 2597 ¹⁹)
2063 2504 2183 2579 De
2236 2502 2774 2602 significatione
2827 2510 2903 2578 et
2935 2506 3559 2602 'interpretatione
3605 2502 4049 2577 verborumz
4102 2507 4323 2602 „ipso

1025 2648 1198 2743 jure
1252 2647 1590 2720 minuitur
1641 2643 1779 2718 dos
1799 2649 1886 2738 ⁶⁶,
1938 2641 2203 2718 videas
2254 2644 2427 2744 Ulp.
2480 2646 2714 2743 ipsum
2753 2640 2853 2717 'fr.
2904 2645 2954 2715 5
3002 2643 3098 2716 D.
3150 2641 3221 2717 h.
3277 2652 3326 2716 t.
3377 2645 3557 2735 (25,
3605 2646 3710 2735 1).
3781 2640 3886 2737 ²⁰)

1110 2793 1117 2801 '
1237 2788 1627 2885 Impensae
1693 2787 1915 2862 utiles
1983 2790 2464 2861 restituuntur
2525 2791 2589 2861 si
2655 2794 2939 2865 sciente
3005 2798 3082 2864 et
3149 2789 3453 2865 volente
3523 2812 3760 2865 uxore
3822 2790 4070 2865 factae
4121 2800 4325 2880 sunt,

1038 2948 1278 3024 neque
1330 2923 1427 3001 ad
1480 2950 1641 3004 eam
1692 2927 2257 3026 magnitudinem
2310 2924 2847 3025 accreverunt,
2901 2940 2980 3007 ut
3027 2954 3219 3007 uxor
3270 2930 3516 3006 dotem
3563 2934 3797 3032 ipsam
3846 2934 4327 3032 impensarum

1041 3053 1656 3148 restituendarum
1709 3096 1939 3147 causa
1990 3042 2406 3149 distrahere
2458 3080 2793 3171 cogatur.
2898 3075 3108 3169 (Hac
3158 3079 3443 3151 ratione
3497 3074 3945 3175 explicanda
3995 3085 4110 3150 est
4165 3096 4324 3149 vox

1041 3215 1478 3308 ‚‚modica“.
1581 3215 1710 3291 Fr.
1763 3219 1834 3288 8.
1889 3216 1959 3291 h.
2015 3225 2065 3290 t.
2122 3220 2303 3311 (25,
2352 3220 2459 3309 1).
2566 3214 2826 3291 Const.
2881 3242 2998 3290 un.
3054 3213 3245 3292 God.
3303 3216 3398 3291 de
3451 3221 3561 3291 rei
3610 3242 3735 3290 ux.
3789 3225 3928 3291 act.
3984 3217 4113 3307 (5,
4162 3215 4321 3316 13).

1039 3357 1391 3454 Antiquis
1443 3359 1895 3457 temporibus
1947 3363 2162 3436 etiam
2216 3359 2311 3435 ob
2363 3359 2499 3454 has
2551 3363 2916 3459 impensas
2955 3362 3133 3455 jure
3181 3361 3614 3434 retentionis
3667 3361 3768 3433 uti
3817 3362 4115 3456 poterat
4170 3380 4325 3430 ma-

1124 3671 1245 3751 16)
1289 3674 1472 3731 Paul.
1514 3679 1667 3734 sent.
1707 3691 1828 3734 rec.
1870 3676 1946 3750 2,
1990 3678 2087 3735 14.
2130 3674 2191 3757 5.
2234 3677 2292 3736 ¹7.
2378 3678 2710 3750 Schullinq
2753 3676 2830 3734 ad
2869 3676 3042 3735 Paul.
3087 3681 3244 3737 sent.
3287 3692 3408 3734 rec.
3452 3645 3538 3751 2.
3573 3676 3670 3734 14.
3716 3681 3833 3734 not.
3877 3677 3911 3733 1
3952 3674 4058 3747 jus
4103 3681 4219 3733 ant.

1127 3778 1245 3860 1⁷)
1289 3779 1545 3839 Donelli
1583 3798 1731 3841 com.
1768 3782 1888 3855 jur.
1931 3783 2044 3840 civ.
2085 3785 2127 3841 l.
2171 3784 2253 3841 14
2293 3800 2345 3841 c.
2387 3786 2428 3841 8
2469 3782 2531 3863 5.
2575 3785 2615 3842 4
2655 3799 2745 3857 sq.
2847 3779 3158 3852 Maiam&
3198 3784 3350 3857 disp.
3395 3783 3470 3842 de
3509 3783 3650 3856 imp.
3691 3783 3755 3840 in
3797 3797 3843 3839 r.
3885 3783 4008 3841 dot.
4052 3784 4099 3840 1.
4140 3779 4331 3857 (disp.

1286 3886 1409 3958 jur.
1462 3888 1577 3946 civ.
1631 3892 1700 3947 Τ.
1743 3891 1802 3949 1.
1862 3891 2014 3963 disp.
2054 3888 2192 3965 28.)
2311 3890 2516 3949 valete
2573 3891 2723 3950 diss.
2780 3892 2855 3948 de
2911 3896 3121 3951 retent.
3175 3908 3255 3951 ex
3309 3873 3466 3949 dote*
3504 3887 3823 3950 iaciendis.
3929 3887 4130 3947 Glaclae
4187 3892 4331 3945 tom.

1291 3994 2085 4070 xxvl1.p.3·74—454.
2398 4030 2412 4047 .
3281 4001 3308 4024 -‘

1128 4098 1245 4174 18)
1300 4102 1612 4160 Wernher
1658 4106 1793 4162 lect.
1824 4121 1876 4162 c.
1904 4106 1974 4163 L.
2001 4104 2084 4163 25
2124 4110 2166 4167 1.
2201 4107 2261 4163 1.
2303 4101 2365 4184 5.
2395 4105 2452 4163 2.
2537 4106 2773 4166 maner
2803 4106 2876 4163 ad
2907 4107 3158 4178 Leyser.
3189 4108 3316 4166 obs.
3342 4103 3497 4180 3⁸75,
3544 4121 3582 4161 a
3614 4117 3732 4177 quo
3763 4102 4064 4173 discrepat
4094 4099 4331 4176 Leyeer

1292 4223 1383 4279 sp.
1423 4208 1568 4267 321.

1127 4310 1247 4385 19)
1295 4311 1565 4370 ambazac
1602 4314 1790 4386 munh.
1831 4317 1888 4392 ς.
1910 4318 2072 4379 358.
2182 4317 2388 4376 Glt'lcle
2425 4323 2470 4378 t.
2511 4319 2776 4376 xxvu.
2825 4317 3186 4391 11382811.
3285 4315 3488 4374 Aliam
3550 4313 3887 4388 opinionem
3946 4308 4136 4371 secuti
4189 4312 4335 4365 sunt

1257 4414 1515 4479 valete
1552 4420 1616 4479 in
1655 4423 1804 4480 diss.
1844 4427 2005 4483 1οιιι.-
2022 4425 2075 4484 1.
2115 4424 2230 4481 No.
2270 4424 2330 4481 1.
2414 4421 2603 4494 {Banb-
2647 4423 2703 4496 S.
2747 4424 2872 4484 800
2911 4439 3001 4498 sq.
3099 4422 3246 4481 Vvet
3283 4423 3354 4484 1..
3383 4420 3482 4481 25.
3522 4427 3564 4480 1.
3605 4422 3653 4480 1.
3695 4418 3759 4501 5.
3800 4422 3859 4480 1.
3944 4421 4042 4478 Cf.
4084 4416 4337 4475 Scaena·

1290 4528 1394 4586 bae
1435 4527 1817 4589 metentionett
1856 4546 1913 4602 p.
1956 4530 2331 4590 203-209.
2374 4530 2597 4589 227-
2613 4530 2754 4589 229.

1122 4627 1241 4708 ao)
1296 4630 1501 4689 Va1eu
1538 4631 1724 4704 mant.
1769 4634 1825 4708 ς.
1866 4635 2009 4694 800.
2096 4635 2301 4695 macte
2339 4642 2381 4694 t.
2423 4637 2687 4698 xxvn.
2729 4650 2802 4707 1».
2825 4633 2974 4696 380.
2991 4633 3098 4700 Νι
3130 4631 3230 4708 10.
3281 4629 3542 4703 Qec·
3585 4583 3748 4702 oba
3731 4583 3868 4700 83
3901 4630 4033 4696 oba
4072 4628 4174 4690 18
