4782 6002
3791 59 3891 128 la

568 263 685 337 a(
706 251 941 351 efficio
990 252 1515 331 necessitudinis
1558 250 1920 343 conjuncta
1940 240 2256 318 'maxime
2276 246 2519 336 ”‘etc.',
2567 259 3064 343 rogator-esque
3118 275 3235 322 eos
3272 253 3688 346 accipiamus
3728 276 3892 323 can-.-

568 392 956 462 didatoru'm
995 387 1104 457 vel
1149 391 1620 454 accusatorum
1658 381 1915 450 amicos
1941 429 1962 466 ,
2011 380 2131 469 qui
2166 389 2313 448 tum
2359 387 2513 448 ante
2554 402 2759 469 quam
2804 382 3088 452 comitia'
3117 380 3574 469 haberentur,
3630 394 3775 453 tum
3822 386 3891 453 in

567 522 737 613 ipsis
769 519 1067 589 comitiis
1097 515 1544 583 circumirent
1569 511 1974 601 ciuibusque
2004 531 2135 600 pro
2176 509 2454 577 illorum
2487 510 2598 579 vel
2625 510 2844 579 salute
2881 513 2992 579 vel
3022 511 3357 605 dignitate
3390 511 3893 602 supplicarent3

562 653 679 721 cui
711 646 1081 719 sententiae
1121 643 1540 713 contrarium
1580 653 1769 711 certe
1799 640 2553 709 nullum'testimonium
2592 640 2767 709 novi.
2849 641 2988 727 Qui
3041 644 3218 711 enim
3256 642 3347 710 de
3387 641 3613 710 Divin.
3655 642 3746 710 11.
3793 642 3895 713 35

569 778 875 850 occurrit
900 782 1192 867 'rogator
1217 773 1600 859 centuriae,
1637 772 1727 840 ad
1754 780 2026 863 tempus
2058 780 2212 840 ante
2237 773 2466 863 legem
2503 771 2874 841 Gabiniam
2912 774 3245 863 pertinet,
3285 776 3373 843 cf.
3401 775 3488 844 de
3504 774 3587 842 N.
3610 774 3696 842 D.
3718 774 3805 842 11.
3827 776 3893 844 4.

568 870 712 978 Bos
761 916 1021 991 autem,
1072 905 1190 993 qui
1241 927 1282 971 a
1320 901 1707 972 candidatis
1750 911 1867 970 aut
1907 903 2033 986 iis,
2097 924 2388 989 quorum
2441 901 2831 985 interesset,
2882 912 3025 970 tum
3075 905 3262 971 urnis
3303 915 3373 973 et
3415 902 3895 973 diribitoribus

570 1038 995 1135 tabellarum·
1009 1044 1155 1103 tum
1189 1055 1355 1102 vero
1387 1032 1591 1102 etiam
1622 1032 2093 1101 sor-titionibus
2128 1031 2432 1135 tribuum
2485 1041 2554 1101 et
2605 1033 2850 1103 sitellis
2886 1034 3006 1124 (cf.
3045 1032 3190 1103 Cic.
3235 1036 3322 1104 de
3357 1037 3398 1103 l.
3431 1060 3577 1128 agr.
3615 1037 3704 1106 11.
3743 1036 3793 1106 9
3826 1045 3895 1106 et

508 1226 519 1235 .
576 1170 906 1239 Wunder.
946 1169 1037 1236 de
1078 1166 1283 1234 discr.
1316 1165 1531 1233 cistae
1571 1171 1639 1231 et
1674 1163 1942 1232 sitellae
1973 1163 2019 1230 Ι.
2055 1163 2100 1230 l.
2126 1186 2195 1254 p.
2235 1162 2532 1232 CLVIII
2561 1164 2787 1254 seqq.)
2831 1174 3370 1257 apponerentur,
3420 1187 3505 1234 ne
3557 1166 3746 1235 fraus
3787 1168 3896 1235 in-

575 1300 937 1371 tercedere
973 1301 1245 1387 posset,
1292 1294 1580 1386 proprio
1616 1294 1891 1362 nomine
1926 1290 2264 1362 custodes
2291 1287 2522 1383 potius
2571 1290 2795 1363 dictos
2823 1316 2976 1363 esse
2997 1296 3176 1364 inter
3207 1316 3440 1364 omnes
3473 1302 3735 1364 constat
3773 1295 3896 1384 (cf.

573 1448 749 1517 quos
782 1425 1017 1495 laudat
1046 1424 1320 1493 Ernesti
1365 1426 1433 1492 in
1461 1422 1674 1492 Glave
1705 1444 1775 1512 p.
1810 1420 1959 1490 438
2001 1432 2071 1490 et
2107 1421 2582 1490 Schwarzium
2625 1424 2715 1491 ad
2760 1424 2889 1509 Qu.
2924 1424 3145 1494 Cicer.
3187 1424 3512 1517 depetit.
3555 1424 3643 1492 Il.
3698 1424 3747 1492 4
3770 1474 3792 1511 ,
3830 1447 3897 1516 p.

578 1555 678 1625 24
719 1555 883 1624 edit.
931 1555 1012 1623 B.
1044 1554 1124 1623 F.
1156 1553 1574 1644 nummu),
1627 1553 1852 1622 donec
1898 1553 2033 1622 snb
2068 1554 2420 1646 Augusto,
2471 1554 2711 1623 Ριῑῃῑο
2762 1564 2935 1625 testo
2991 1556 3213 1646 (nist.
3254 1557 3406 1625 Nat.
3448 1554 3774 1625 xxxm.
3803 1555 3904 1646 τ)
4043 1522 4056 1528 ’

574 1686 903 1780 nongenti
929 1686 1195 1773 equites
1215 1685 1780 1763 constituerentur
1812 1703 1896 1750 ex
1927 1683 2241 1753 omnibus
2276 1685 2516 1754 selecti
2554 1684 2645 1753 ad
2675 1685 3169 1756 custodiendas
3192 1685 3676 1779 suffragiorum
3700 1687 3904 1756 cistas

578 1817 651 1885 iu
709 1815 1028 1885 comitiis.
3409 1906 3417 1914 ·

776 1947 935 2016 Duo
958 1947 1179 2042 igitur
1207 1968 1491 2040 prorsus
1520 1947 1791 2019 diversa
1820 1958 2110 2039 apparet
2149 1943 2369 2038 probe
2399 1945 2576 2015 inter
2606 1968 2681 2014 se
2715 1948 3204 2042 distinguenda
3230 1971 3380 2019 esse
3413 1972 3646 2019 eorum
3674 1950 3905 2028 homi-

586 2099 746 2145 uum
786 2102 1080 2171 genera,
1129 2080 1250 2169 qui
1293 2080 1703 2155 candidatos,
1736 2101 1978 2149 reosve
2017 2067 2231 2168 opera
2286 2083 2355 2144 et
2398 2076 3156 2181 consilioadjuvarent:
3208 2078 3499 2142 alterum
3544 2077 3908 2144 honestum

581 2216 652 2276 et
678 2209 1063 2275 officiosum
1107 2206 1343 2272 eorum
1368 2255 1387 2289 ,
1410 2230 1596 2291 -quos
1624 2230 1756 2293 pro
1789 2208 2103 2287 diversis,
2132 2227 2308 2288 quae
2344 2205 2653 2285 obibant,
2693 2184 3647 2294 muneribus'suffragatores,
3695 2226 3904 2296 roga-

579 2343 803 2417 tores,
853 2331 1313 2417 diribitores,
1344 2329 1667 2399 custodes
1719 2328 2056 2420 appellari
2095 2325 2437 2406 vidimus3
2485 2327 2774 2395 alterum
2821 2351 3092 2415 eornm,
3135 2331 3255 2417 qni
3316 2332 3685 2423 largitione
3739 2356 3906 2421 pro-

583 2461 809 2557 posita
832 2461 1304 2550 adhibitisque
1340 2460 1653 2529 omnibus
1682 2460 2009 2550 pravis'et
2042 2455 2305 2523 illicitis
2320 2455 2711 2524 ‘rationibus
2735 2457 2922 2525 cives
2961 2481 3343 2549 propensos
3377 2460 3675 2529 reddere
3699 2461 3908 2549 inque

584 2593 866 2660 illorum
892 2596 1149 2682 ‘partes
1210 2591 1486 2661 trahere
1544 2591 1941 2677 studerent,
1995 2587 2329 2657 divisores
2386 2587 2551 2656 dico
2575 2638 2595 2674 ,
2645 2597 3068 2676 sequestres,
3119 2592 3564 2684 interpretes,
3615 2614 3908 2679 quorum

586 2724 886 2794 omnium
916 2731 985 2790 et
1021 2722 1292 2791 nomina
1332 2731 1403 2791 et
1440 2723 1724 2815 negotia
1748 2730 1943 2792 erant
1972 2721 2369 2805 criminosa3
2421 2721 2512 2792 de
2549 2720 2841 2815 singulis
2865 2719 3014 2813 jam
3055 2723 3435 2793 accuratius
3467 2743 3765 2815 agemus.
3813 2719 3912 2789 Et

592 2854 970 2922 'divisorum
1004 2855 1286 2943 quidem
1320 2856 1467 2947 jam
1519 2876 1725 2944 supra
1766 2854 1996 2921 monui
2055 2844 2235 2919 illud
2290 2853 2544 2936 fuisse,
2593 2862 2668 2915 ut
2704 2855 2927 2919 numia
2961 2833 3271 2919 tributim
3316 2854 3430 2919 vel
3483 2853 3911 2921 centuriatim

593 2983 835 3054 divisis
872 2983 1204 3078 suffragia
1236 2984 1621 3054 candidatis
1666 2993 2014 3066 emerent3
2061 2982 2247 3051 unde
2292 3004 2367 3051 v.-
2390 3001 2449 3050 c.
2480 2979 2730 3051 Cicero
2774 2980 2913 3071 (de
2952 2977 3248 3049 Oratore
3283 2979 3369 3047 11.
3402 2979 3552 3066 63)
3586 2985 3909 3052 Numium

591 3114 961 3186 divisorem
999 3114 1131 3201 ait,
1183 3125 1259 3182 ut
1295 3087 1823 3206 Neoptolemum
1861 3114 1955 3182 ad
1986 3111 2316 3202 Trojam,
2352 3114 2453 3180 sic
2499 3110 2696 3179 illum
2734 3112 2801 3178 in
2839 3130 3085 3199 campo
3110 3108 3370 3177 Martio
3411 3107 3746 3176 invenisse
3784 3133 3909 3176 no-

591 3265 783 3327 men3
834 3246 1085 3334 idque,
1135 3254 1462 3333 quantum
1503 3244 1791 3322 scimus,
1838 3223 2334 3310 solum-eorum
2375 3241 2510 3309 suit
2559 3240 2948 3332 negotium,
3001 3261 3223 3328 neque
3255 3239 3607 3331 intelligo,
3657 3239 3913 3327 quibus

591 3375 1017 3461 arg-umentis
1044 3373 1385 3445 adductus
1404 3373 1757 3442 Ernestius
1793 3371 2041 3439 horum
2074 3392 2351 3460 quoque
2375 3393 2657 3461 operam
2693 3371 2782 3438 ad
2817 3371 3103 3439 tabellas
3135 3369 3396 3461 populo
3430 3363 3913 3437 ministrandas

591 3496 854 3564 reterre
885 3503 1189 3586 potuerit
1208 3551 1226 3582 ‚
1276 3503 1467 3589 quod
1500 3527 1582 3572 ne
1605 3523 1739 3570 uno
1780 3500 2061 3590 quidem
2093 3509 2402 3568 veterum
2426 3499 2841 3590 scriptorum
2880 3499 3038 3569 loco
3063 3502 3569 3592 comprobetur.
3612 3498 3913 3566 Omnem

596 3646 830 3695 eorum
848 3637 1210 3714 quaestum
1250 3649 1332 3696 ac
1365 3632 1802 3720 disciplinam
1842 3630 2101 3722 optime
2139 3627 2475 3696 describit
2508 3628 2759 3700 Cicero
2800 3632 2957 3699 Act.
2995 3631 3063 3701 in
3100 3629 3302 3699 Verr.
3341 3631 3396 3698 Ι.
3440 3627 3491 3696 8
3512 3677 3533 3714 ,
3580 3626 3704 3695 ubi
3755 3649 3913 3695 nar-

594 3763 737 3841 rat,
791 3754 1042 3844 quibus
1087 3756 1350 3825 artibus
1379 3779 1669 3845 nequam
1719 3761 1840 3829 ille
1869 3783 1945 3829 se
1986 3761 2212 3851 ipsum
2246 3760 2599 3830 aedilitate
2638 3761 2947 3852 dejicere
2979 3762 3357 3845 studuerit,
3405 3758 3520 3826 his
3561 3758 3707 3827 fere
3752 3780 3912 3827 ver-

595 3884 742 3954 bis:
792 3881 1088 3968 „Unum
1124 3884 1301 3953 illud
1351 3887 1823 3976 reperiebam,
1875 3877 2212 3960 divisores
2255 3900 2460 3959 noctu
2490 3892 2582 3959 ad
2624 3893 2827 3964 istum
2864 3900 3153 3960 vocatos.
3203 3890 3312 3958 Ex
3342 3892 3594 3980 quibus
3631 3889 3916 3977 quidam
4009 3887 4014 3891 ’

599 4016 839 4087 eadem
876 4006 997 4090 illa
1031 4030 1229 4091 nocte
1259 4020 1350 4089 ad
1387 4043 1498 4089 me
1531 4021 1739 4088 venit.
1805 4022 2239 4092 Demonstrat
2262 4071 2283 4109 ,
2331 4020 2472 4111 qua
2515 4023 2642 4091 iste
2678 4023 2981 4091 oratione
3029 4041 3192 4089 usus
3236 4029 3449 4103 esset3
3498 4039 3915 4089 commemo-

600 4162 785 4212 rasse
823 4146 1029 4219 istum
1050 4202 1069 4237 ,
1110 4174 1324 4241 ,quam
1366 4150 1743 4222 liberaliter
1774 4175 1891 4223 eos
1921 4152 2450 4245 tractasset‘jam
2490 4164 2684 4224 antea
2718 4175 2927 4242 quum
2965 4153 3116 4244 ipse
3146 4147 3538 4243 praeturam
3569 4149 3917 4241 petiisset,

602 4283 681 4344 et.
702 4277 1033 4366 proximis
1064 4283 1531 4353 consularibus
1556 4286 2055 4375 praetoriisque
2078 4286 2411 4369 comitiis3
2449 4285 2702 4355 deinde
2727 4263 3055 4382 contiuuo
3090 4302 3236 4351 esse
3268 4282 3678 4374 pollicitum,
3704 4299 3917 4366 quan-

606 4415 746 4474 tam
802 4407 1056 4476 vellent
1099 4415 1458 4500 pecuniam
1483 4465 1506 4498 ‚
1557 4416 1615 4484 si
1658 4438 1767 4485 me
1802 4417 2155 4486 aedilitate
2189 4415 2623 4509 dejecissent.
2689 4412 2829 4482 Hic
2868 4413 3040 4483 alios
3083 4434 3368 4505 negasse
3404 4412 3697 4492 audere3
3747 4408 3917 4477 alios

608 4536 1047 4623 respondisse
1108 4559 1244 4608 uon
1300 4552 1545 4631 putare
1595 4542 1673 4612 id
1720 4545 1963 4638 perfici
2015 4566 2259 4637 posse3
2309 4543 2653 4614 inventum
2695 4552 2924 4612 tamen
2953 4562 3116 4613 esse
3155 4543 3401 4610 fortem
3455 4540 3787 4627 amicum,
3836 4557 3919 4607 ex

332 5767 385 5818 a..
465 5742 474 5757 '⁴

290 5847 351 5880 ιιι,
409 5870 414 5873 ,

314 5937 331 6002 ;
399 5906 440 5969 '²
