4782 6002
858 800 1126 851 moram
1145 830 1166 868 ,
1216 781 1298 848 ut
1348 771 1876 848 Somou-rmus
1908 761 2012 859 2θ’)
2062 764 2262 857 vult,
2315 764 2556 853 obiter
2595 761 2740 841 ned
2788 781 3147 860 expresse
3197 763 3608 845 Somou
3647 780 4184 866 commemorat.

864 897 1162 976 Summo
1204 900 1378 993 jure
1428 912 1707 990 quoque
2204 902 2213 910 ’

1588 1060 1595 1065 -
1746 1011 1798 1083 l.
1847 1004 2151 1115 anod.
2199 1004 2297 1079 de
2319 1009 2496 1102 jure
2540 1006 2857 1106 emphyt.
2903 1011 3035 1104 (4,
3084 1014 3225 1104 66)

864 1139 1006 1214 huc
1050 1139 1384 1236 pertinet.
1480 1132 1963 1207 Jusvrmmws
1996 1128 2380 1227 perspicue
2405 1130 2751 1203 neminem
2785 1125 3327 1205 admonitionen
3362 1144 3794 1233 exspectare
3829 1148 4194 1241 oportere,

869 1257 1007 1335 sed
1059 1258 1249 1331 ultro
1305 1276 1475 1331 sese
1523 1254 1824 1342 offerre,
1896 1256 1972 1323 et
2017 1247 2334 1322 debitum
2390 1255 2795 1347 spontanea
2842 1250 3230 1327 voluntate
3274 1253 3737 1350 persolvere,
3804 1263 4196 1335 constituit.

870 1380 1137 1454 Falsus
1187 1387 1300 1453 est
1353 1376 1886 1454 Somonmus
1928 1366 2030 1460 23)
2049 1422 2071 1462 ,
2136 1368 2276 1445 hac
2312 1373 2835 1446 constitutione
2872 1394 3152 1447 omnem
3181 1373 3833 1472 interpellationem
3870 1378 4202 1455 sublatu-
4247 1371 4254 1378 ’

872 1526 1020 1576 ram
1037 1553 1059 1593 ,
1109 1524 1320 1597 quum
1350 1497 1584 1573 verba
1623 1516 1846 1568 sensu
1894 1490 2222 1589 generali
2271 1488 2718 1589 exponenda
2750 1494 2896 1565 sint
2912 1545 2936 1584 ,
2988 1491 3464 1568 contendens.
3535 1494 3776 1570 Divus
3803 1497 4203 1599 Imperator

870 1645 1014 1698 non
1067 1619 1164 1696 de
1214 1639 1674 1717 quacunque,
1722 1613 1859 1690 secl
1895 1612 1992 1689 (le
2032 1636 2233 1687 mora
2273 1625 2374 1687 ex
2402 1635 2485 1687 re
2522 1614 2815 1707 scribit,
2867 1622 2946 1688 ut
2985 1637 3085 1689 ex
3116 1617 3249 1707 iis,
3302 1638 3487 1713 quae
3517 1618 3876 1715 principio
3898 1618 4201 1712 Consti-
4237 1608 4243 1613 ’

867 1747 1166 1819 tutionis
1190 1742 1547 1837 leguntur,
1597 1734 1955 1812 videmus.
2005 1735 2180 1812 Lex
2193 1736 2552 1826 anterior,
2587 1738 2801 1833 cujus
2830 1734 3761 1814 Jusrmmmsmentionem
3780 1735 3977 1832 facit,
4000 1741 4056 1811 l.
4087 1747 4198 1817 12.

875 1864 1069 1945 Cod.
1115 1867 1239 1940 cit.
1294 1884 1460 1937 esse
1517 1867 1804 1960 potest,
1877 1865 1954 1933 et
1997 1860 2073 1929 in
2120 1855 2262 1929 hoc
2320 1877 2498 1930 casu
2548 1852 2871 1932 fortasse
2920 1858 3157 1933 verba
3203 1856 3392 1953 legis
3451 1860 3564 1930 12.
3601 1854 3791 1933 cod.
3838 1880 4045 1951 „cum
4094 1884 4205 1951 ea,

881 2010 1072 2087 quae
1106 1987 1471 2085 promisit,
1522 1985 1681 2080 ipse
1719 1982 1794 2053 in
1829 1980 2170 2054 memoria
2208 2001 2343 2051 sua
2378 2000 2721 2071 servare,
2774 2002 2923 2052 non
2958 1979 3051 2055 ab
3096 1979 3259 2053 aliis
3297 1978 3439 2054 sibi
3471 1978 3914 2055 manifestari
3943 1978 4211 2060 debeat

878 2107 1236 2210 poscere“
1281 2102 1378 2177 de
1420 2100 1541 2176 die
1579 2103 1732 2176 fixo
1771 2100 2290 2198 intelliguntur.
2393 2097 2557 2176 Sed
2601 2123 2887 2199 quoque
2916 2101 3072 2176 fieri
3112 2109 3399 2202 potest,
3448 2110 3531 2177 ut
3560 2101 4043 2179 JUSTmIANUs
4079 2108 4208 2180 vel

874 2229 1097 2312 ‘aliun
1137 2221 1490 2325 quandam
1532 2224 2140 2301 Constitutionem
2180 2224 2659 2320 cogitaverit,
2710 2221 2840 2299 vel
2870 2222 3104 2298 verba
3140 2222 3290 2320 leg.
3338 2227 3450 2299 18.
3491 2226 3614 2299 cit.
3636 2279 3657 2317 ,
3709 2222 3908 2323 quod
3945 2228 4207 2301 verisi-

883 2329 1117 2426 milius
1152 2370 1319 2424 esse
1360 2343 1653 2422 videtur
1672 2400 1694 2439 ,
1744 2343 1841 2419 ad
1882 2353 2155 2421 certam
2189 2366 2497 2444 poenam
2540 2365 2675 2443 pro
2714 2344 3200 2444 stipulationis
3247 2353 3506 2423 tenore
3536 2355 3896 2447 spectent.

972 2494 1001 2509 '
1078 2472 1285 2547 Juris
1326 2470 1631 2543 Romani
1652 2472 2102 2568 praescripta
2130 2466 2274 2541 Jus
2320 2464 2771 2543 Canopicum
2801 2468 3202 2543 confirmat.

1076 2593 1161 2665 In
1205 2615 1361 2690 cap.
1398 2595 1470 2663 4.
1511 2588 1614 2664 X.
1650 2589 1747 2666 de
1778 2590 1922 2664 loc.
1961 2601 2037 2665 et
2068 2589 2284 2665 cond.
2322 2594 2451 2683 (3,
2502 2593 2634 2681 18)
2669 2590 3034 2667 ecclesiae
3069 2590 3540 2692 emphyteuta
3573 2591 3935 2669 cessando
3979 2596 4051 2670 in
4085 2618 4214 2671 so-

886 2717 1162 2790 lutione
1206 2715 1507 2790 canonis
1545 2734 1678 2809 per
1720 2710 2079 2787 biennium
2124 2713 2381 2812 repelli
2414 2737 2637 2812 posse
2681 2713 3059 2809 scribitur,
3124 2737 3270 2789 non
3323 2714 3699 2807 obstante,
3753 2713 3953 2812 quod
3984 2719 4085 2814 ei,
4137 2728 4216 2792 ut

890 2860 1241 2914 canonem
1280 2836 1652 2929 solveret,
1719 2859 1866 2909 non
1904 2839 2193 2913 exstitit
2223 2838 2657 2928 nuntiatum,
2720 2858 2882 2909 cum
2916 2836 2993 2907 in
3027 2833 3171 2911 hoc
3214 2855 3391 2909 casu
3427 2831 3587 2910 dies
3612 2844 3882 2911 statuta
3910 2862 4043 2938 pro
4078 2840 4216 2915 ho—

889 2964 1076 3040 mine
1128 2956 1570 3057 interpellet.
1685 2957 1768 3033 N
1771 2954 1935 3035 udis
1974 2956 2222 3034 verbis
2268 2955 2413 3031 hoc
2457 2959 2699 3055 capite
2740 2955 3173 3035 Guneomus
3212 2957 3350 3033 IX.
3393 2957 3716 3058 regulam
3752 2961 3977 3061 ipsam
3995 3016 4020 3055 ,
4067 2985 4217 3039 non

892 3106 1077 3162 vero
1121 3084 1636 3183 exceptionem
1685 3089 2214 3172 commemorat.
2313 3079 2489 3155 Nec
2525 3077 2759 3153 verba
2812 3081 2933 3173 „in
2984 3079 3127 3155 hoc
3188 3083 3413 3156 casu“
3468 3081 3977 3182 impedimento
4028 3094 4218 3171 sunt.

891 3207 1099 3313 Papa
1142 3202 1262 3279 die
1295 3206 1539 3305 posito
1578 3200 1765 3277 diem
1797 3225 1930 3301 pro
1958 3201 2246 3277 homine
2274 3199 2742 3303 interpellare
2764 3254 2785 3293 ,
2839 3209 2915 3274 et
2956 3200 3077 3274 ubi
3128 3201 3289 3276 dies
3334 3200 3674 3299 adjectus
3710 3227 3858 3279 non
3884 3207 4022 3300 sit,
4072 3228 4219 3280 non

891 3329 1348 3430 pro'homine
1383 3325 1892 3424 interpellare,
1968 3321 2318 3400 decernit.
2424 3321 2609 3420 Cap.
2655 3323 2775 3393 31.
2827 3320 2904 3392 in
2966 3320 3101 3394 vl.
3147 3319 3243 3398 de
3290 3323 3381 3396 R.
3430 3326 3510 3399 J.
3554 3325 3717 3419 (lib.
3761 3328 3834 3400 ὅ.
3890 3331 3998 3402 tit.
4048 3327 4219 3420 ult.)

893 3443 1272 3543 cujusdam
1325 3450 1661 3523 momenti
1711 3469 1881 3522 esse
1932 3442 2265 3537 videtur,
2331 3440 2470 3518 sed
2524 3465 2659 3540 pro
2719 3448 3084 3519 sententia
3134 3469 3294 3522 mea
3347 3470 3438 3522 eo
3486 3451 3591 3523 uti
3650 3455 3797 3525 non
3854 3473 4036 3549 opus
4083 3462 4219 3543 est,

896 3592 1106 3667 quum
1147 3593 1273 3664 ea,
1324 3593 1509 3668 quae
1553 3569 1866 3669 probare
1906 3567 2073 3647 mihi
2110 3569 2497 3666 proposui,
2569 3569 2754 3640 satis
2793 3564 2938 3645 diei
2986 3570 3170 3643 certi
3217 3578 3511 3663 natura,
3585 3580 3663 3646 et
3685 3574 3878 3667 juris
3912 3569 4219 3645 Romani

901 3701 974 3762 et
1011 3687 1368 3766 Canonici
1401 3691 1686 3787 legibus
1724 3688 2034 3789 probata
2072 3692 2242 3767 sint.
2340 3687 2472 3776 Ad
2514 3710 2688 3785 quas
2720 3691 2933 3769 etiam
2974 3685 3243 3783 addam

1537 3909 1552 3925 ·
1682 3811 1737 3884 1.
1784 3815 1898 3884 17.
1932 3818 2004 3897 s.
2040 3813 2112 3882 s.
2143 3810 2236 3882 1).
2276 3806 2374 3884 de
2407 3833 2603 3885 usur.
2645 3811 2825 3899 (επ,
2883 3809 2967 3895 ι)

903 3936 1116 4037 cujus
1153 3933 1390 4008 verba
1420 3939 1586 4030 sunt
1624 3930 1846 4006 haec:

1099 4058 1162 4131 si
1215 4052 1375 4131 dies
1427 4077 1573 4129 non
1622 4057 1712 4127 sit
1761 4051 1852 4127 ab
1883 4052 2033 4144 his,
2087 4053 2211 4148 qui
2243 4058 2518 4123 statuas
2552 4047 2679 4124 vel
2711 4051 3062 4144 imagines
3091 4045 3472 4146 ponendas
3503 4047 3960 4146 legaverunt,
4011 4071 4225 4155 prae-

842 4173 849 4178 ’
902 4178 1178 4270 finitus,
1229 4200 1277 4250 a
1310 4163 1670 4251 Pmoeide
1697 4181 1974 4275 tempus
2002 4170 2463 4247 statuendum
2491 4179 2647 4244 est:
2701 4179 2777 4243 et
2810 4170 2946 4240 nisi
2988 4173 3387 4267 posuerint
3402 4167 3716 4248 heredes
3735 4227 3756 4265 ,
3807 4194 4057 4263 usuras
4085 4160 4219 4245 Boi

709 5785 736 5786 ν’
769 5783 848 5794 «›-§
877 5779 1093 5792 aff-‘fflqffi.
1134 5777 1221 5794 νγνῆ,
1295 5790 1298 5791 ⁷
1436 5781 1479 5796 ¹7.
1622 5776 1626 5781 -
1702 5776 1729 5789 ,·

706 5785 954 5829 ΙῚι,,Ἧ,.’-,
1023 5793 1086 5815 4³·
1108 5793 1138 5813 ..v-
1161 5792 1185 5820 ⁴.
1283 5805 1289 5807 ,
1324 5795 1346 5822 ,ι
1443 5802 1492 5820 ¹¹·
1720 5793 1725 5804 ι

616 5785 714 5860 R*
772 5820 933 5853 =vu..†··.¹
1077 5823 1119 5838 ν·
1164 5823 1166 5828 ·
1255 5824 1320 5847 ⁶».
1394 5816 1406 5846 f
1461 5837 1471 5851 .
1637 5828 1645 5835 ·
1711 5816 1742 5840 ’κ

648 5862 656 5871 .
694 5855 700 5864 ·
776 5866 778 5869 .
850 5849 855 5863 ·
915 5850 919 5857 ·
1379 5840 1392 5864 e
1579 5846 1582 5857 ·
1719 5851 1723 5860 .

700 5897 701 5900 ,
942 5897 947 5904 ,
977 5878 999 5907 ,Ῑ
1068 5877 1082 5890 “
1626 5878 1659 5917 ἰ
1699 5884 1702 5891 ι
1790 5880 1802 5895 (-

718 5914 722 5925 ι
1214 5928 1220 5940 ¹
1697 5925 1701 5934 ι
1766 5914 1770 5923 '

759 5951 766 5959 a
803 5953 806 5961 0
880 5954 897 5965 ⁴
1562 5945 1566 5952 ·

904 4298 1235 4396 publicae
1279 4320 1506 4396 usque
1541 4295 1640 4371 ad
1676 4300 1959 4373 tertiam
2002 4297 2443 4370 centesimae
2484 4290 2808 4392 pendent
2844 4281 2971 4381 ²⁴).

969 4440 1067 4508 22)
1102 4439 1163 4502 [a.
1198 4457 1248 4492 c.
1284 4458 1409 4510 pag.
1441 4440 1560 4494 192.

971 4527 1070 4593 ιδ)
1102 4536 1226 4598 pag.
1264 4527 1386 4584 1⁰6.

972 4616 1070 4682 24)
1102 4619 1171 4673 et.
1203 4619 1244 4672 1.
1278 4615 1333 4671 ὅ.
1369 4634 1453 4686 pr.
1489 4618 1556 4668 1).
1588 4617 1657 4670 de
1689 4632 1838 4683 oper.
1875 4615 2031 4684 publ.
2068 4613 2201 4680 (ὅθ,
2237 4611 2357 4680 lo).

2079 4836 2126 4843 ,α-

1970 5773 2296 5793 ··‘···
2365 5780 2372 5871 2
2453 5788 2458 5796 ·
2533 5809 2554 5826 ··
2616 5808 2627 5884 1
2738 5873 2791 5883 -
2887 5848 2891 5854 -
3273 5737 4446 5919 ’ssc‘sssssre

4605 5641 4606 5644 „
4597 5329 4605 5338 .

4601 5322 4634 5729 Sin-*⁸4³2-
4621 5127 4634 5297 Lm*-
4633 5093 4634 5106 ⁴
