4782 6002
543 1161 627 1251 J
628 1180 739 1234 am
788 1157 1049 1249 restat,
1098 1156 1180 1229 ut
1230 1173 1356 1246 ea,
1410 1171 1597 1250 qnae
1646 1169 1837 1230 anno
1875 1148 2377 1252 praeterlapso
2413 1150 2865 1229 Academiae
2914 1158 3211 1230 nostrae
3266 1150 3735 1253 acciderunt,
3790 1156 3960 1236 bre-

543 1297 763 1378 vibus
811 1294 1063 1372 verbis
1105 1293 1576 1394 complectar.

743 1437 993 1534 Atque
1041 1432 1187 1509 hoc
1237 1453 1525 1531 quoque
1574 1453 1763 1507 anno
1813 1456 2147 1507 summam
2220 1429 2787 1523 ΒΕΟΡΟΒΒῙ,
2857 1432 3113 1533 Magni
3165 1434 3399 1512 Ducis
3459 1434 3962 1515 liberalitatem

545 1601 640 1655 ac
688 1576 1237 1653 munificentiam
1287 1576 1574 1676 experti
1625 1598 1867 1648 sumus
1935 1572 2212 1686 multis,
2277 1596 2463 1671 quae
2531 1561 2608 1648 in
2671 1581 2985 1649 nostram
3052 1573 3523 1651 Academiam
3604 1578 3910 1654 contulit
3935 1633 3958 1674 ,

546 1718 959 1796 beneficii&
1008 1738 1155 1793 non
1205 1715 1459 1828 solum*
1489 1714 1583 1790 ad
1633 1712 2038 1814 augendam
2070 1714 2409 1789 librorum
2459 1722 2867 1790 nostrorum
2917 1720 3200 1816 copiam
3251 1742 3379 1814 ea,
3433 1741 3614 1817 quae
3668 1742 3768 1795 ex
3815 1742 3961 1796 no-

542 1866 697 1936 stro
747 1860 1033 1934 aerario
1083 1863 1543 1958 supererant,
1600 1853 1908 1956 impendi
1961 1854 2340 1949 decrevit,
2409 1855 2546 1930 sed
2611 1864 2685 1932 et
2735 1858 3269 1958 professoribus
3319 1881 3464 1935 non
3527 1859 3754 1937 defuit
3805 1860 3956 1939 Se-

543 1999 895 2075 renissimi
964 1996 1369 2073 liberalitas
1436 1999 1671 2074 auctis
1735 2019 1981 2072 eorum
2036 1999 2296 2076 annuis
2360 1996 2764 2097 stipendiis.
2900 1996 3027 2073 Ad
3091 1998 3601 2076 Bibliothecae
3677 2003 3960 2102 copiam

543 2134 1107 2242 promovendam
1156 2143 1230 2212 et
1279 2161 1371 2213 ea
1416 2139 1862 2238 potissimum
1908 2134 2032 2213 hic
2082 2158 2642 2213 commemorare
2671 2142 2930 2239 juvat,
2965 2162 3170 2236 ‘quae
3222 2141 3541 2214 virorum
3581 2137 3960 2215 doctorum

542 2277 735 2355 haud
784 2300 1176 2380 paucorum
1243 2277 1603 2352 beneficio
1668 2284 2062 2376 grataeque
2126 2278 2509 2352 societatis
2575 2274 3013 2353 medicorum
3081 2276 3815 2376 Heidelbergensium
3863 2278 3962 2352 li-

543 2418 924 2496 beralitate
975 2416 1337 2494 debemus.
1436 2417 1684 2515 Atque
1726 2420 2038 2492 maxime
2088 2414 2530 2492 celebranda
2600 2423 2713 2492 est
2771 2419 3038 2491 eximia
3103 2415 3508 2492 liberalitas
3562 2416 3961 2494 CAROLI

542 2559 1015 2636 ALBEBTI
1043 2613 1065 2655 ,
1117 2561 1561 2636 serenissimi
1613 2566 1827 2655 atque
1858 2559 2345 2655 augustissimi
2379 2554 2770 2631 Sardiniae
2821 2558 3059 2653 regis:
3112 2560 3229 2653 qui
3283 2579 3423 2652 qua
3473 2564 3587 2630 est
3637 2557 3960 2632 clemen-

494 2765 501 2770 .
543 2703 646 2776 tia
691 2723 1108 2800 summoque
1154 2701 1517 2776 literarum
1564 2697 2219 2801 prounovendarum
2267 2697 2508 2772 studio
2563 2704 3019 2771 monumenta
3085 2696 3431 2770 historiae
3498 2699 3781 2796 patriae
3828 2696 3960 2797 Ip-

543 2843 697 2918 sius
735 2846 953 2942 jussu
1004 2843 1200 2919 edita
1248 2841 1439 2917 ultro
1489 2839 1585 2914 ad
1634 2861 1775 2915 nos
1823 2839 2203 2914 transmitti
2249 2835 2487 2939 jussit.
2588 2837 2811 2912 Alios
2858 2837 3089 2911 libros
3160 2836 3258 2911 ad
3320 2859 3555 2911 rerum
3624 2835 3960 2936 publica-

546 3011 700 3062 rum
750 3009 1013 3080 curan,
1068 2980 1164 3059 ad
1217 2984 1486 3059 viarum
1534 2980 1734 3057 ferro
1784 2986 2160 3055 stratarum
2228 2975 2553 3072 ductum,
2626 2976 2722 3053 ad
2794 2977 3148 3053 fluminum
3200 2999 3457 3053 cursus
3532 2974 3960 3077 dirigendos

545 3127 1025 3226 pertinentes,
1077 3148 1123 3198 a
1151 3124 1409 3222 Belgis
1461 3121 1999 3215 eruditissimis,
2051 3119 2242 3194 alios
2290 3115 2384 3191 ad
2434 3116 2805 3192 historiam
2855 3124 2994 3192 tam
3030 3117 3359 3216 Angliae
3411 3141 3614 3216 quam
3649 3115 3961 3194 Scotiae

543 3270 963 3366 spectantes
1012 3262 1103 3339 ab
1155 3262 1426 3361 Anglis
1475 3269 1689 3361 atque
1739 3260 1997 3339 Scotis
2047 3259 2490 3339 doctissimis
2535 3262 2731 3340 dono
2784 3267 3197 3366 accepimus
3221 3318 3242 3357 ‚
3324 3263 3583 3363 quibus
3633 3264 3959 3341 omnibus

543 3407 858 3480 meritam
908 3401 1354 3500 debitamque
1403 3402 1548 3479 hoc
1594 3403 1901 3478 solemni
1948 3402 2127 3476 loco
2177 3404 2665 3504 persolvimus
2714 3410 3039 3502 gratiam.

741 3544 813 3619 E
907 3542 1422 3619 Professorum
1513 3564 1808 3618 numero
1902 3549 2132 3617 morte
2216 3545 2574 3617 amisimus
2674 3541 3198 3619 JOANNEM
3295 3541 3962 3621 FRmERICUM

545 3684 950 3781 ABEGG,
1000 3687 1235 3761 virum
1285 3658 1764 3759 reverendum
1815 3689 1891 3758 et
1937 3682 2119 3757 Urbi
2172 3687 2247 3759 et
2292 3681 2745 3757 Academiae
2796 3681 3186 3759 christiana
3234 3680 3384 3758 fide
3434 3686 3960 3786 conjunctissi-

543 3849 728 3901 mum
777 3833 851 3902 et
899 3822 1451 3903 GEORGIUM
1500 3820 2162 3901 FRIDERICUM
2211 3821 2624 3901 WALOH
2669 3822 2856 3900 Jnre
2909 3823 3364 3908 consultum.
3666 3924 3669 3928 Δ

592 4056 605 4070 “
743 3966 1253 4042 professorum
1304 3974 1522 4041 extra
1571 3962 1893 4040 ordinem
1943 3985 2277 4041 numerus
2326 3970 2583 4039 auctus
2632 3973 2750 4039 est
2797 3968 2983 4039 viris
3033 3965 3590 4042 consultissimis
3644 3971 3720 4041 et
3771 3963 3958 4042 doc·
4037 4040 4046 4055 ,

545 4104 838 4180 tissimis
888 4103 1521 4183 ZAOHARIAE
1546 4160 1569 4201 ,
1635 4103 2106 4199 DEURER,
2173 4102 2621 4181 KAYSER
2672 4113 2746 4183 et
2792 4105 3256 4200 PROBST,
3314 4129 3611 4204 quorum
3676 4108 3959 4207 priores

547 4243 671 4348 jus
718 4241 982 4337 civile,
1055 4246 1503 4343 posteriores
1563 4265 1750 4320 vero
1802 4243 2227 4347 disciplinas
2280 4243 2561 4320 ordinis
2608 4244 3140 4347 philosophici,
3209 4244 3397 4321 alter
3444 4245 3697 4322 literas
3765 4247 3957 4321 anti-

550 4407 731 4484 quas
755 4435 779 4478 ,
827 4380 1017 4457 alter
1067 4379 1429 4459 Chemiam
1480 4382 1854 4482 hucusque
1899 4386 2234 4484 privatim
2283 4382 2710 4460 docuerunt.

750 4519 1058 4598 Veniam
1122 4519 1440 4598 docendi
1504 4525 1883 4600 consecuti
1950 4532 2118 4599 sunt
2176 4525 2318 4599 viri
2380 4525 2758 4600 clarissimi
2853 4522 2987 4598 Dr.
3038 4522 3405 4599 BENNO
3452 4522 3956 4602 PUCHELT

551 4660 643 4739 ab
692 4660 950 4741 ordine
997 4660 1453 4739 Medicorum
1501 4673 1577 4739 et
1624 4664 1754 4739 Dr.
1806 4663 1883 4738 A
1940 4661 3069 4741 WENING-INGENHEIM
3129 4662 3220 4738 ab
3273 4662 3528 4741 ordine
3574 4663 3957 4745 JCtorum.

748 4804 1000 4883 Novis
1044 4804 1440 4883 honoribus
1491 4805 2026 4883 condecoratus
2077 4813 2193 4883 est
2240 4806 2360 4882 vir
2408 4804 3071 4905 experientissimus
3121 4815 3194 4879 et
3242 4803 3542 4904 collega
3603 4809 3957 4904 conjunc-

555 4942 869 5051 tissimus
888 4998 912 5041 ‚
965 4944 1428 5028 CHELIUS
1449 5000 1473 5045 ,
1527 4949 1649 5046 qui
1681 4940 2033 5046 dignitate
2069 4946 2464 5024 consiliarii
2511 4947 2737 5022 intimi
2770 4943 3139 5023 secundae
3189 4945 3449 5023 classis
3479 4950 3770 5022 ornatus
3819 4948 3956 5026 est.
