4782 6002
2538 446 3035 517 ...ιο-

1139 636 1338 712 Nam
1399 639 1474 711 ih
1539 635 1686 711 fine
1751 635 1973 735 hujus
2036 636 2432 736 fragmenti
2501 635 2956 712 solummodo
3020 661 3112 711 m.
3161 635 3216 710 f.
3269 640 3687 737 possessori
3739 640 4108 739 impensas
4158 639 4435 716 tollere

1139 775 1610 868 conceditur,
1662 779 1727 849 si
1775 773 1854 850 id
1902 778 2062 852 sine
2115 776 2385 852 domini
2438 775 2829 877 dispendio
2878 775 3039 850 fieri
3090 779 3361 875 possit,
3430 778 3764 874 sequitur
3815 797 3999 873 ergo
4050 798 4149 851 ex
4199 799 4434 875 argu-

1134 923 1380 992 mento
1431 939 1480 990 a
1535 920 1949 1010 contrario,
2021 915 2090 992 b.
2143 916 2198 991 f.
2247 938 2757 1017 possessorem
2806 917 3024 990 etiam
3074 937 3235 991 cum
3286 913 3561 989 domini
3610 913 4002 1014 dispendio
4065 917 4431 1017 impensas

967 1103 975 1108 -
1133 1055 1401 1132 tollere
1447 1078 1695 1156 posse.

1335 1195 1434 1288 d)
1500 1192 1894 1270 Pristinum
1969 1195 2080 1270 rei
2126 1200 2395 1269 statum
2446 1193 2886 1270 deteriorem
2934 1193 3193 1270 facere
3259 1195 3682 1294 possessori
3740 1197 4049 1269 vetitum
4115 1202 4235 1269 est
4258 1247 4283 1287 ,
4354 1202 4437 1270 ιί

1137 1340 1448 1435 apparet
1498 1358 1544 1410 e
1597 1334 1689 1410 Ι..
1740 1337 1842 1408 38
1888 1332 1980 1412 1).
2033 1333 2128 1409 de
2177 1337 2289 1409 rei
2339 1333 2543 1410 vind.
2599 1337 2727 1427 (6,
2777 1339 2885 1429 1).
3011 1335 3267 1411 Malae
3333 1334 3456 1409 fid.
3522 1339 3945 1435 possessori
4009 1339 4437 1434 nentiquam

1134 1497 1566 1551 concessum
1615 1482 1777 1567 est,
1831 1474 2103 1550 tollere
2153 1477 2521 1574 impensas
2570 1474 2838 1568 utiles,
2887 1476 2982 1551 fr.
3026 1480 3072 1550 '7
3123 1487 3197 1565 5.
3248 1479 3338 1550 12
3381 1476 3478 1553 de
3517 1499 3678 1575 aeq.
3719 1499 3867 1552 rer.
3902 1476 4093 1551 dom.
4137 1481 4307 1571 (41,
4349 1482 4439 1569 1)

1135 1615 1228 1692 fr.
1279 1619 1380 1689 37
1431 1615 1529 1692 de
1576 1619 1680 1692 rei
1734 1614 1937 1691 vind.
1991 1619 2119 1710 (6,
2168 1619 2252 1708 1)
2355 1612 2620 1690 Const.
2668 1619 2720 1689 ὅ
2770 1612 2963 1690 Cod.
3017 1615 3114 1691 de
3163 1619 3273 1692 rei
3314 1615 3516 1691 vind.
3568 1618 3701 1709 (3,
3747 1619 3926 1708 32),
3978 1619 4119 1689 nisi
4168 1620 4243 1688 in
4292 1615 4439 1692 he—

1137 1756 1495 1850 reditate,
1550 1761 1614 1831 si
1667 1756 1743 1831 id
1793 1759 1954 1832 sine
2003 1759 2345 1855 petitoris
2397 1754 2788 1856 dispendio
2840 1769 2911 1833 et
2966 1760 3128 1833 sine
3178 1761 3290 1833 rei
3339 1761 3571 1857 ipffl‘us
3622 1756 3889 1833 damno
3936 1757 4097 1833 fieri
4148 1766 4435 1858 potest.

1137 1897 1266 1970 Fr.
1316 1900 1420 1971 38
1469 1898 1564 1972 1).
1619 1897 1717 1973 de
1766 1898 1924 1973 her.
1976 1907 2124 1996 pet.
2176 1899 2307 1991 (ὅ,
2358 1899 2475 1989 3).

1331 2041 1440 2131 3]
1519 2037 1910 2135 Impmae
1955 2040 2479 2135 voluptuariae
2546 2045 2693 2111 tum
2759 2037 2993 2113 solum
3056 2038 3128 2111 b.
3183 2038 3235 2111 f.
3289 2039 3708 2137 possessori
3761 2039 4291 2127 restituuntur,
4364 2041 4433 2111 si

1134 2187 1260 2251 aut
1314 2175 1644 2251 dominus
1695 2200 1780 2252 re
1830 2200 2019 2252 vera
2069 2175 2184 2252 his
2237 2180 2582 2277 impensis
2632 2178 3080 2276 locupletior
3130 2176 3374 2251 factus
3439 2184 3597 2268 est,
3666 2186 3795 2251 sut
3844 2179 3920 2249 in
3968 2174 4432 2264 hereditate,

1133 2316 1221 2388 fr.
1275 2318 1376 2388 39
1416 2325 1489 2403 5.
1551 2320 1585 2388 1
1644 2314 1739 2391 de
1790 2314 1946 2391 her.
1998 2323 2147 2415 pet.
2201 2318 2336 2409 (5,
2388 2320 2503 2410 3).
2619 2316 2975 2415 Alioquin
3024 2316 3189 2391 sola
3239 2317 3550 2392 tollendi
3602 2325 3937 2416 potestas
3991 2320 4098 2408 ei,
4177 2340 4433 2415 quem-

1135 2452 1520 2528 admodum
1566 2455 1803 2529 malae
1853 2454 1976 2528 fid.
2029 2460 2450 2555 possessori
2502 2478 2860 2531 concessa
2910 2465 3046 2535 est.
3158 2457 3534 2532 Dominum
3574 2466 3818 2532 autem
3857 2457 4431 2555 locupletiorem

1131 2596 1403 2671 factum
1452 2619 1624 2672 esse
1674 2598 1889 2695 leges
1933 2605 2449 2698 praesumunt,
2501 2601 2569 2670 si
2608 2621 2701 2688 ,re
2753 2597 2851 2671 ad
2900 2597 3364 2675 vendendum
3403 2602 3787 2699 proposita
3828 2602 4067 2697 majus
4112 2602 4425 2698 pretium

1135 2737 1229 2812 ob
1281 2736 1418 2812 has
1468 2741 1833 2838 impensas
1884 2742 1958 2812 in
2017 2762 2171 2815 rem
2236 2739 2476 2815 factas
2549 2738 3021 2839 adipiscitur,
3090 2747 3217 2812 aut
3266 2741 3429 2838 ipse
3481 2737 3812 2813 dominus
3863 2737 4000 2812 has
4051 2741 4424 2837 impensas

1129 2876 1459 2954 fecisset.
1561 2877 1696 2953 Fr.
1749 2880 1846 2952 25
1898 2876 1995 2953 de
2045 2882 2244 2979 pign.
2298 2886 2441 2954 act.
2495 2882 2672 2972 (13,
2714 2882 2805 2972 7)
2854 2878 2946 2953 fr.
3007 2881 3100 2952 10
3146 2877 3459 2958 mandat.
3513 2883 3691 2972 (17,
3745 2883 3828 2971 1)
3880 2878 3973 2953 fr.
4026 2881 4131 2952 30
4184 2878 4283 2953 de
4326 2877 4422 2951 R.

1129 3018 1226 3092 V.
1282 3025 1409 3113 (6,
1457 3025 1562 3112 1).
1667 3021 1921 3095 Malae
1971 3019 2094 3093 fid.
2149 3024 2569 3120 possessori
2622 3024 2839 3095 etism
2886 3018 3198 3094 tollendi
3240 3023 3368 3118 jus
3423 3018 3897 3110 conceditur,
3952 3027 4033 3093 ut
4080 3018 4421 3093 luculen-

1127 3166 1244 3233 ter
1282 3166 1594 3259 apparet
1644 3181 1689 3234 e
1739 3159 1831 3234 fr.
1866 3163 1964 3232 39
2015 3167 2088 3247 5.
2132 3163 2168 3233 1
2226 3158 2320 3234 de
2372 3159 2530 3234 her.
2586 3126 2733 3258 pet.
2789 3161 2914 3252 (5,
2949 3162 3080 3252 3),
3133 3158 3314 3234 nihil
3364 3162 3549 3233 enim
3601 3158 3802 3234 aliud
3854 3158 3994 3233 sibi
4045 3158 4209 3234 vult
4260 3180 4420 3232 vox

1132 3350 1177 3388 „
1199 3303 1796 3397 supervacuas“‘.

2666 3562 2738 3643 5.
2795 3559 2863 3631 ’1.

2126 3692 2240 3788 2)
2339 3692 2441 3768 In
2489 3695 2830 3771 doctrina
2880 3697 2971 3771 de
3018 3701 3448 3796 usufructu.

1331 3835 1688 3934 Sequitur
1738 3859 1840 3911 ex
1890 3839 2303 3936 principiis,
2372 3861 2561 3936 quae
2612 3842 2686 3913 in
2740 3845 2899 3914 tota
2947 3837 3044 3913 de
3094 3839 3440 3936 impensis
3491 3835 3833 3913 doctrina
3883 3836 4146 3912 eodem
4191 3835 4406 3911 modo

1127 3983 1560 4070 servantur,
1637 3985 1811 4052 tunc
1861 3974 2142 4052 demum
2191 3978 2736 4055 usufructuario
2786 3983 3154 4081 impensas
3202 3984 3492 4057 restitui
3543 3989 3897 4080 oportere
3921 4035 3942 4073 ,
4020 3985 4084 4055 si
4135 3960 4415 4080 impen-

1127 4145 1258 4197 sae
1307 4145 1457 4197 non
1504 4120 1723 4196 modo
1773 4121 2317 4197 usufructuario
2368 4120 2842 4222 profuerunt,
2898 4121 3036 4198 sed
3086 4121 3270 4196 dura
3321 4126 3434 4198 rei
3482 4121 3933 4198 commodum
3982 4122 4406 4197 attulerunt.

1125 4260 1355 4353 Quam
1423 4262 1517 4339 ob
1587 4286 1736 4338 rem
1803 4261 2387 4339 usufructuarius
2457 4269 2696 4339 omnia
2746 4290 2976 4342 onera
3042 4270 3511 4359 necessaria,
3583 4288 3979 4364 omnesque
4044 4270 4416 4365 impensas

1123 4408 1589 4482 necessarias
1650 4406 2114 4483 ususfructus
2160 4426 2409 4482 'causa
2472 4406 2712 4484 factas
2789 4407 2987 4484 ferat
3046 4428 3360 4484 necesse
3413 4415 3576 4501 est,
3651 4406 3745 4482 fr.
3800 4411 3846 4481 '7
3896 4417 3969 4495 5.
4025 4409 4095 4480 2.
4165 4405 4264 4481 fr.
4314 4411 4413 4480 27

1123 4559 1195 4637 5.
1250 4553 1347 4623 2⁷
1397 4574 1506 4648 sq.
1557 4547 1655 4624 de
1707 4550 1936 4624 usufr.
1991 4554 2120 4644 (7,
2181 4555 2307 4644 1),
2366 4540 2543 4650 jure
2595 4559 2902 4628 naturae
2955 4556 3145 4628 enim
3194 4576 3505 4650 aequum
3555 4560 3715 4643 est,
3766 4550 4225 4628 incommoda
4273 4574 4411 4625 cu-

1115 4692 1388 4787 jusque
1438 4691 1550 4763 rei
1600 4708 1763 4764 eum
1813 4693 2061 4789 sequi,
2117 4694 2240 4789 qui
2288 4689 2669 4766 commoda
2719 4715 3007 4792 quoque
3042 4691 3315 4787 habet,
3367 4693 3461 4769 fr.
3502 4696 3595 4768 10
3626 4691 3727 4769 de
3761 4694 3854 4769 R.
3890 4693 3969 4767 J.
4076 4693 4164 4769 Si
4214 4713 4409 4773 vero

1124 4829 1481 4926 ejusmodi
1535 4831 1907 4929 impensae
1976 4839 2183 4923 sunt,
2260 4839 2340 4905 ut
2403 4853 2551 4904 non
2620 4830 2837 4907 modo
2906 4833 3431 4910 usufructuarii
3500 4833 3953 4911 commodum
4016 4840 4408 4934 spectent,

1124 4990 1379 5043 verum
1429 4972 1648 5043 etiam
1699 4972 2191 5070 proprietario
2244 4974 2565 5070 prosint,
2641 4978 2791 5046 tum
2861 4977 3407 5053 usufructuario
3470 4982 3847 5078 impensae
3893 4975 4405 5055 restituendae
