4782 6002
1824 479 1907 495 ..-
2029 435 2123 510 15
2219 478 2320 498 ..-

419 631 785 707 facturum
851 627 1106 705 fuisse.
1225 629 1358 703 F'r.
1419 632 1509 704 18
1575 627 1649 718 9.
1701 633 1800 704 22
1862 630 1957 704 D.
2022 630 2121 714 de
2173 641 2317 711 act.
2369 631 2464 710 m.
2515 633 2615 710 V.
2667 635 2843 729 (19,
2890 639 2974 729 1)
3042 631 3302 711 Const.
3362 640 3454 711 1⁶
3518 625 3711 715 Cod'.

418 775 585 851 eod.
640 777 768 869 (4,
802 777 965 865 49).
1091 774 1636 875 voluptuariae
1707 782 1949 851 autem
2012 778 2387 877 impensae
2408 829 2430 868 ‚
2505 799 2718 873 quum
2784 774 2883 851 de
2947 774 3062 849 his
3130 776 3343 875 leges
3408 778 3713 871 sileant,

414 917 568 1014 peti
622 922 1013 1011 nequeunt.

1933 1158 2007 1238 S.
2087 1153 2199 1226 15.

1058 1284 1216 1380 10)
1291 1284 1390 1360 In
1438 1286 1782 1363 doctrina
1831 1288 1924 1362 de
1973 1299 2364 1368 contractu
2412 1292 2642 1367 locati
2686 1292 3048 1369 conducti.

616 1423 1076 1502 Conductori
1128 1451 1276 1502 non
1313 1426 1543 1524 „modo
1585 1433 2057 1505 necessariae
2099 1436 2476 1533 impensae
2516 1434 3020 1510 restituendae
3064 1442 3269 1526 sunt,
3321 1433 3459 1509 sed
3498 1438 3713 1510 etiam

285 1573 292 1578 ’
417 1571 627 1660 illae,
685 1593 867 1665 quas
918 1558 1380 1666 agricolendi
1433 1592 1661 1644 causa
1708 1569 1960 1644 ultimo
2011 1596 2204 1648 anno
2266 1571 2664 1673 impendit3
2731 1572 2827 1647 ad
2892 1572 3028 1648 has
3094 1577 3459 1673 impensas
3527 1598 3711 1668 con-

418 1707 834 1808 sequendas
886 1710 1112 1785 habet
1163 1709 1506 1787 conducti
1558 1713 1942 1823 actionem.
2005 1701 2289 1791 'Utiles
2340 1725 2619 1789 sumtus
2668 1721 2842 1790 tunc
2892 1711 3173 1790 demum
3228 1717 3304 1788 in
3354 1715 3711 1791 calculum

423 1860 782 1926 vocantur
810 1905 829 1943 ‚
909 1853 972 1924 si
1023 1851 1295 1925 durans
1349 1854 1459 1930 rei
1512 1850 1959 1928 commodum
2011 1851 2423 1945 dederunt,
2501 1875 2740 1951 neque
2803 1853 3120 1928 locatori
3171 1855 3376 1927 nimis
3430 1876 3709 1952 graves

417 2013 506 2065 ac
569 1991 925 2066 molestae
990 2001 1178 2066 sunt.
1283 1990 1414 2067 Fr.
1464 1994 1566 2066 55
1629 2003 1701 2081 S.
1762 1996 1824 2067 1.
1896 1992 1988 2066 fr.
2049 1995 2139 2066 61
2212 2016 2319 2090 pr.
2371 1990 2468 2064 D.
2533 1990 2760 2067 locati
2812 1994 2992 2084 (19,
3032 1996 3144 2085 ἓ).
3205 1986 3309 2085 2⁶)
3426 1989 3708 2069 Procul

417 2131 639 2206 dubio
692 2155 943 2206 omnes
997 2154 1283 2230 quoque
1339 2136 1711 2232 impensae
1765 2130 2267 2207 restituendae
2318 2139 2529 2224 sunt,
2604 2127 2702 2204 ad
2756 2153 2938 2227 quas
2987 2127 3368 2203 faciendas
3416 2127 3709 2204 locator

417 2280 922 2348 consenserat.
995 2271 1126 2346 Fr.
1169 2276 1261 2378 61
1311 2276 1433 2348 cit.
1535 2272 1810 2370 Neque
1864 2273 2111 2347 obstat
2162 2269 2254 2344 fr.
2315 2272 2406 2343 19
2459 2277 2528 2356 s.
2574 2271 2625 2341 4
2677 2266 2844 2345 eod.
2895 2266 3042 2343 hoc
3094 2271 3282 2343 enim
3332 2265 3706 2372 fragmenss

416 2423 561 2486 tum
611 2411 1064 2487 solummodo
1116 2411 1212 2488 de
1265 2412 1720 2490 conductore
1770 2417 2136 2513 impensas
2186 2410 2457 2485 tollere
2500 2409 2803 2484 volente
2847 2408 3211 2505 loquitur3
3259 2406 3338 2480 id
3377 2405 3708 2484 conduc-

413 2554 559 2625 tori
597 2550 842 2649 quoad
880 2553 1394 2653 voluptuarios
1436 2557 1803 2654 impensas
1844 2577 2135 2652 semper
2174 2551 2394 2644 licet,
2432 2553 2498 2624 si
2533 2552 2721 2626 enim
2751 2549 3044 2625 locator
3073 2546 3472 2649 prohibere
3506 2547 3703 2636 vult,

416 2692 793 2786 quominus
841 2688 918 2764 id
968 2691 1130 2785 fiat,
1181 2695 1554 2792 impensae
1605 2701 1732 2767 aut
1782 2718 1828 2767 a
1878 2695 2119 2791 pretio
2165 2688 2536 2767 solvendo
2581 2689 3101 2782 detrahuntur,
3153 2687 3245 2762 fr.
3297 2692 3333 2762 1
3390 2696 3463 2776 S.
3507 2691 3555 2761 3
3608 2685 3706 2762 de

417 2830 539 2901 via
590 2828 788 2928 publ.
843 2833 1020 2922 (43,
1073 2833 1244 2924 10),
1299 2841 1427 2907 aut
1475 2857 1522 2906 a
1570 2831 1908 2908 locatore
1959 2830 2323 2932 postulari
2376 2836 2670 2927 queunt.
2772 2827 2904 2903 Fr.
2937 2831 3036 2901 55
3076 2828 3147 2902 h.
3186 2836 3235 2901 t.
3281 2827 3457 2921 (1⁹,
3490 2832 3602 2920 2).

1932 3079 2005 3157 S.
2065 3072 2179 3142 16.

1410 3208 1556 3305 11)
1658 3208 1754 3284 In
1803 3209 2146 3286 doctrina
2196 3209 2288 3282 de
2335 3210 2706 3283 societate.

608 3347 727 3422 De
755 3320 762 3331 ⁸
788 3351 1130 3450 impensis
1191 3348 1666 3426 restituendis
1729 3353 1805 3425 in
1856 3349 2330 3448 generalibus
2381 3354 2656 3422 tantum
2705 3342 3184 3420 societatibus
3234 3362 3477 3416 sermo
3529 3362 3713 3427 esse,

412 3497 697 3591 potest,
750 3515 1204 3590 nequaquam
1256 3516 1445 3569 vero
1496 3496 1571 3567 in
1619 3493 2102 3569 societatibus
2149 3488 2736 3583 universalibus3
2787 3490 2861 3561 in
2909 3486 3025 3561 his
3077 3488 3265 3560 enim
3316 3504 3528 3559 omne
3562 3480 3702 3579 ,lu-

414 3657 648 3726 crum‚
702 3658 912 3710 omne
967 3633 1333 3730 damnum,
1384 3658 1780 3733 omnesque
1831 3638 2200 3736 impensae
2252 3652 2668 3707 communes
2718 3635 2887 3703 sunt
2909 3680 2932 3720 ‚
3002 3646 3242 3723 neque
3306 3624 3699 3724 respicitur

415 3778 756 3869 quantum
796 3778 956 3871 quis
1003 3773 1099 3848 ad
1141 3799 1316 3849 suas
1357 3798 1482 3850 res
1523 3776 1956 3868 contulerit,
2011 3795 2250 3871 neque
2294 3779 2634 3870 quantum
2672 3764 3128 3869 impenderit.
3231 3763 3417 3841 Ideo
3479 3765 3699 3838 etiam

410 3913 484 3984 in
533 3914 781 4011 capita
834 3911 1185 3987 dividitur
1226 3911 1328 4006 2⁷)
1348 3969 1369 4008 ‚
1423 3914 1625 3989 nulla
1676 3918 1963 3990 ratione
2014 3912 2304 4004 habita,
2357 3935 2453 3984 an
2505 3911 2666 4007 quis
2716 3906 2883 4008 plus
2931 3909 3266 3980 minusve
3305 3900 3404 3977 ad
3445 3905 3696 3979 socie-

403 4057 633 4125 tatem
700 4052 1114 4128 contulerit.
1235 4052 1367 4127 Fr.
1420 4056 1540 4147 52.
1614 4053 1701 4128 sr.
1754 4057 1848 4128 '73
1900 4062 1973 4142 s.
2032 4057 2095 4128 1.
2167 4054 2261 4128 fr.
2313 4052 2593 4154 penult.
2645 4060 2717 4137 §-
2776 4053 2822 4123 2
2882 4069 3021 4148 pro
3071 4047 3280 4121 socio
3355 4044 3530 4138 (1¹7,
3583 4047 3695 4137 2).

409 4188 1028 4283 Quemadmodum
1078 4203 1321 4270 autem
1369 4217 1472 4270 ex
1517 4198 1826 4271 omnium
1876 4197 2179 4271 aliarum
2229 4198 2664 4270 societatum
2713 4198 3015 4282 natura,
3090 4208 3280 4285 quae
3330 4205 3480 4259 non
3526 4189 3698 4257 sunt

407 4333 873 4407 universales
923 4337 1324 4410 societates
1349 4387 1371 4427 ,
1422 4357 1561 4435 pro
1612 4342 1775 4409 rata
1826 4306 2247 4410 collationis
2297 4332 2577 4408 lucrum
2628 4339 2704 4404 et
2755 4325 3086 4402 damnum
3131 4322 3486 4401 dividitur
3511 4376 3533 4414 ‚
3585 4323 3696 4397 sic

359 4540 378 4561 ,
409 4471 627 4544 etiam
677 4473 1050 4571 impensae
1099 4476 1570 4551 necessariae
1623 4480 1698 4548 et
1746 4472 1965 4551 utiles
2015 4495 2151 4573 pro
2202 4480 2366 4546 rata
2417 4472 2962 4570 computantur3
3039 4463 3130 4543 fr.
3182 4467 3283 4538 38
3332 4471 3406 4552 S.
3466 4466 3528 4538 1.
3598 4459 3690 4535 fr.

485 4781 606 4861 26)
650 4782 869 4842 Huber
909 4787 1195 4857 praelect.
1234 4787 1313 4846 ad
1352 4790 1428 4847 l).
1471 4791 1543 4848 1..
1586 4790 1687 4848 19.
1724 4795 1767 4848 t.
1808 4789 1867 4849 2.
1910 4788 1975 4865 8.
2016 4789 2081 4863 9.
2121 4785 2376 4846 7-18.

488 4887 605 4961 2⁷)
657 4889 924 4948 Thibaut
965 4888 1028 4971 §.
1068 4891 1212 4951 541.
1297 4894 1696 4954 Lauterbach
1736 4897 1808 4957 1..
1850 4895 1934 4955 1¹7
1975 4900 2017 4954 t.
2058 4896 2096 4954 2
2140 4894 2205 4969 9.
2246 4893 2346 4951 18.
2431 4892 2645 4949 struo.
2688 4894 2849 4963 synt.
2894 4888 3044 4950 cod.
3084 4887 3193 4946 Th.
3229 4884 3328 4945 2⁷.
3425 4882 3576 4943 Vvet
3615 4881 3692 4941 ib.

655 4990 719 5073 ς.
763 4994 862 5056 27.
947 4998 1326 5060 Dissentiens
1369 5003 1646 5062 citandus
1684 5009 1782 5062 est
1831 5002 2036 5062 Valeu
2074 5000 2261 5075 munh.
2304 5000 2362 5075 ς.
2409 4990 2557 5061 547.
