4782 6002
622 626 717 704 Si
770 626 930 727 quis
978 628 1057 701 in
1105 646 1260 703 rem
1311 647 1798 722 communem,
1864 651 2075 727 quam
2124 651 2261 731 pro
2311 653 2449 704 sua
2495 627 2751 706 habuit
2773 681 2794 724 ‚
2845 632 3212 731 impensas
3261 632 3485 729 fecit,
3536 642 3714 715 tunc

425 770 857 844 retentionis
888 773 1163 842 tantum
1182 769 1314 865 jus
1347 768 1418 842 ei
1450 788 1881 844 concessum
1915 779 2052 846 est.
2104 769 2240 845 Fr.
2273 773 2367 846 14
2397 779 2472 858 5.
2511 773 2574 845 1.
2600 769 2696 845 fr.
2725 772 2821 844 29
2855 795 2966 870 pr.
2999 770 3094 845 D.
3129 794 3381 849 comm.
3418 774 3572 852 div.
3612 774 3716 871 ⁴¹]

627 907 911 998 Quodsi
961 908 1103 984 hac
1153 912 1448 986 actione
1497 912 1873 1010 impensae
1921 885 2420 1014 postulantur,
2473 916 2967 1014 praescriptio
3022 917 3325 1014 triginta
3360 942 3715 996 annorum

424 1051 665 1126 locum
713 1047 977 1142 habet,
1056 1072 1160 1123 ex
1208 1048 1343 1123 illo
1393 1058 1771 1149 tempore,
1845 1076 1989 1151 quo
2056 1053 2429 1152 obligatus
2489 1055 2567 1129 in
2613 1078 2819 1129 mora
2867 1063 3006 1132 est.
3126 1029 3387 1134 Const.
3446 1064 3481 1131 1
3539 1067 3611 1146 5.
3671 1064 3705 1133 1

425 1187 617 1268 Cod.
672 1189 768 1267 de
818 1191 1065 1266 annali
1115 1216 1284 1269 exc.
1337 1198 1468 1287 (⁷,
1501 1197 1664 1288 40).
1781 1195 2055 1294 Neque
2105 1217 2296 1270 vero
2346 1197 2621 1271 actioni
2686 1217 2938 1272 comm.
2993 1194 3143 1272 div.
3197 1195 3414 1274 datur
3456 1199 3708 1294 locus,

423 1333 490 1406 si
540 1334 699 1429 quis
751 1331 1332 1408 contrahentium
1356 1386 1378 1427 ,
1447 1335 1583 1410 vel
1646 1338 1865 1410 etiam
1929 1340 2187 1412 tertius
2255 1340 2412 1438 quis
2465 1336 2850 1414 dominium
2900 1343 3011 1416 rei
3062 1344 3454 1416 communis
3504 1341 3711 1418 solus

423 1477 1011 1574 praescriptione
1061 1479 1565 1575 acquisiverit.
1624 1467 1735 1573 ²⁸²]

1943 1771 2015 1849 5.
2069 1767 2190 1836 22.

620 1900 848 1976 Actio
900 1899 1143 1976 finium
1194 1901 1692 2000 regundorum
1740 1928 1790 1978 a
1835 1904 2328 2004 proprietario
2353 1956 2378 1998 ‚
2442 1891 2953 2003 emphyteuta,
3022 1903 3567 2004 superficiario,
3632 1914 3708 1982 et

425 2041 518 2114 ab
570 2063 1052 2138 unoquoque,
1109 2043 1228 2139 qui
1269 2045 1398 2142 jus
1449 2042 1655 2118 reale
1699 2047 1775 2117 in
1823 2043 2053 2118 fundo
2103 2043 2366 2135 habet,
2440 2066 2585 2116 non
2637 2042 2854 2117 modo
2913 2041 3011 2118 ad
3058 2044 3243 2119 fines
3292 2043 3707 2141 regundos‚

424 2181 560 2258 sed
613 2187 826 2257 etiam
876 2182 975 2256 ad
1025 2187 1192 2284 ejus
1246 2184 1443 2282 quod
1492 2190 1801 2262 interest
1853 2186 2428 2285 praestationem
2480 2190 2558 2257 et
2606 2181 2704 2256 ad
2750 2185 3115 2282 impensas
3159 2182 3709 2282 recuperandas

425 2325 698 2396 institui
767 2330 987 2419 atque
1047 2327 1307 2397 instrui
1378 2331 1650 2424 potest.
1747 2325 1879 2399 Fr.
1933 2331 1982 2399 4
2047 2336 2118 2414 5.
2172 2331 2220 2399 9
2270 2327 2366 2400 Ι).
2419 2327 2540 2399 fin.
2592 2348 2753 2425 reg.
2808 2328 2988 2419 (10,
3043 2330 3126 2417 1)
3200 2349 3267 2400 c.
3319 2329 3389 2398 3.
3440 2325 3542 2399 Χ.
3611 2324 3707 2402 de

423 2461 823 2561 praebend.
879 2466 1011 2556 (3,
1044 2465 1136 2555 5)
1188 2464 1279 2536 fr.
1332 2467 1384 2536 s
1432 2474 1504 2552 §-
1564 2469 1598 2538 1
1656 2464 1750 2538 D.
1805 2465 1875 2539 h.
1929 2474 1980 2539 t.
2035 2472 2210 2562 (ιο,
2253 2474 2337 2563 1]
2388 2467 2480 2542 fr.
2532 2471 2583 2541 4
2633 2478 2705 2556 §-
2767 2471 2829 2540 ι.
2884 2472 2953 2540 2.
3007 2464 3176 2542 eod.
3216 2464 3320 2560 ⁴³)

507 2655 516 2662 -
619 2604 847 2680 Actio
898 2605 1219 2681 familiae
1269 2605 1803 2682 herciscundae
1856 2607 2210 2687 coheredi
2261 2618 2537 2686 tantum
2581 2617 2658 2687 et
2699 2613 2774 2684 iu
2809 2607 3159 2686 heredem
3200 2632 3560 2685 concessa
3592 2617 3711 2686 est

425 2759 501 2827 et
539 2754 716 2848 jure
767 2751 971 2826 civili
1023 2757 1102 2825 et
1141 2755 1317 2850 jure
1366 2754 1764 2852 praetoriO.
1867 2750 1997 2826 Fr.
2034 2756 2080 2825 2
2130 2777 2241 2851 pr.
2295 2751 2387 2854 fr.
2425 2755 2522 2824 24
2573 2759 2645 2838 5.
2707 2754 2741 2825 1
2797 2749 2891 2823 D.
2944 2749 3111 2824 fam.
3144 2749 3348 2826 herc.
3401 2752 3578 2843 (10,
3618 2755 3708 2844 2)
3796 2820 3800 2824 .

422 2889 513 2962 fr.
577 2893 688 2963 18.
741 2889 834 2962 fr.
886 2893 986 2963 40
1032 2890 1200 2966 eod.
1302 2892 1486 2967 Non
1535 2891 1752 2968 modo
1803 2893 2122 2968 familiae
2174 2899 2251 2967 et
2302 2889 2737 2967 hereditatis
2788 2888 3219 2965 divisionem
3269 2889 3457 2967 haec
3507 2894 3706 2968 actio

423 3040 760 3133 spectat,
789 3046 804 3053 ’
836 3033 974 3109 sed
1023 3037 1240 3111 etiam
1289 3039 1635 3135 impensis
1681 3039 1757 3110 in
1806 3036 2293 3114 hereditatem
2340 3032 2563 3108 factis
2605 3034 3014 3132 repetentis
3062 3033 3417 3124 inservit3
3489 3034 3707 3106 etiam

425 3197 694 3250 usurae
745 3173 998 3250 harum
1047 3178 1532 3276 impensarum
1581 3178 1941 3277 postulari
1994 3185 2285 3278 queunt.
2384 3175 2518 3251 Fr.
2570 3179 2664 3250 18
2712 3185 2783 3263 5.
2835 3179 2884 3249 3
2932 3174 3029 3249 Ι).
3081 3172 3153 3248 h.
3191 3183 3241 3247 t.
3297 3170 3558 3249 Const.
3616 3178 3710 3248 18

423 3323 496 3402 5.
555 3318 590 3388 1
649 3310 840 3389 Cod.
896 3315 1062 3391 eod.
1163 3316 1542 3394 Heredem
1575 3340 1806 3411 vero,
1855 3322 1973 3417 qui
2019 3321 2204 3411 scit,
2255 3339 2339 3393 se
2380 3338 2551 3392 esse
2583 3313 2976 3408 heredem,
3029 3317 3264 3389 animo
3302 3336 3396 3388 eo
3434 3317 3709 3411 egisse,

427 3463 506 3529 ut
555 3478 693 3556 pro
740 3454 1158 3531 hereditate
1207 3461 1573 3558 impensas
1622 3456 1947 3553 faceret,
1998 3459 2091 3534 fr.
2147 3460 2244 3531 49
2299 3467 2371 3545 5.
2412 3458 2544 3531 ult.
2598 3454 2689 3529 fr.
2727 3460 2828 3530 44
2878 3463 2950 3543 5.
3003 3458 3052 3528 3
3098 3454 3197 3527 D.
3250 3452 3418 3529 eod.
3469 3475 3709 3551 neque

424 3619 627 3669 suum
682 3595 896 3671 modo
943 3597 1393 3673 commodum
1441 3606 1826 3699 spectasse
1872 3603 2194 3701 oportet.
2250 3597 2383 3675 Fr.
2425 3582 2518 3671 18
2568 3607 2641 3685 5.
2675 3600 2744 3670 6.
2782 3600 2849 3669 7.
2901 3594 2994 3668 fr.
3037 3597 3160 3668 31.
3212 3593 3312 3667 fr.
3359 3594 3455 3666 25
3506 3601 3577 3680 5.
3618 3595 3713 3665 15

422 3734 518 3807 fr.
550 3738 649 3809 39
699 3735 793 3809 D.
845 3737 916 3811 h.
963 3746 1015 3812 t.
1068 3738 1159 3814 fr.
1214 3743 1310 3812 78
1362 3748 1434 3828 5.
1478 3744 1525 3812 2
1573 3741 1670 3813 D.
1727 3739 1821 3817 de
1874 3750 2109 3818 contr.
2149 3749 2313 3816 emt.
2367 3743 2549 3833 (18,
2590 3743 2695 3834 1).
2749 3735 3011 3814 Const.
3045 3741 3094 3811 3
3145 3732 3341 3813 Cod.
3392 3735 3488 3812 de
3536 3758 3706 3834 neg.

423 3885 614 3975 gest.
667 3885 787 3973 (2,
831 3883 985 3973 19).
1091 3879 1206 3957 ob
1257 3884 1767 3983 voluptuarias
1818 3908 2189 3986 expensas
2239 3883 2405 3959 sola
2453 3881 2607 3957 doli
2660 3883 3009 3982 exceptio
3050 3878 3371 3956 admissa
3420 3884 3560 3955 est.
3602 3870 3709 3971 ⁴⁴)

623 4018 1186 4118 Praelegatario
1238 4045 1528 4121 quoque
1576 4024 1766 4102 haec
1818 4029 2013 4102 actIo
2065 4050 2430 4103 concessa
2477 4036 2615 4104 est.
2715 4024 2849 4100 Fr.
2901 4028 2952 4098 4
3002 4049 3112 4125 pr.
3175 4023 3266 4098 fr.
3320 4024 3419 4097 25
3464 4029 3536 4113 5.
3588 4023 3706 4095 22.

428 4156 519 4232 fr.
572 4162 669 4234 28
716 4162 811 4235 Ι).
867 4163 1033 4237 eod.

479 4471 627 4549 ’41)
671 4473 891 4545 cujac.
932 4477 1004 4534 L.
1043 4476 1083 4536 2
1125 4482 1358 4551 quaest.
1397 4476 1575 4540 Pauli
1618 4482 1695 4542 ad
1735 4484 1852 4543 Ed.
1894 4483 1972 4543 td
2013 4489 2091 4545 tr.
2136 4485 2217 4545 29
2258 4484 2359 4543 cit.
2443 4481 2596 4541 Fab.
2640 4478 2799 4553 conj.
2840 4480 2912 4539 L.
2950 4480 2994 4538 3
3036 4493 3091 4538 ο.
3133 4477 3190 4537 2.
3276 4475 3479 4536 (ἴωσι
3516 4479 3559 4534 t.
3599 4475 3709 4535 XI.

671 4597 731 4654 p.
774 4581 1151 4642 152-166,

509 4708 628 4788 42)
682 4710 887 4770 vazeu
924 4713 1110 4786 manv.
1151 4684 1219 4787 ’9.
1264 4717 1388 4775 668
1428 4714 1490 4775 in
1531 4718 1632 4777 nn.
1723 4784 1738 4793 ‚

511 4834 627 4911 43)
680 4836 886 4896 Valett
924 4837 1111 4912 ξΒαιιδ.
1158 4838 1228 4915 ⁸.
1261 4842 1408 4902 670.

361 4960 382 4973 ·
510 4963 632 5041 u)
684 4966 888 5028 Vateu
923 4970 1044 5030 100.
1083 4970 1187 5031 eit.
1225 4971 1292 5049 §-
1331 4974 1521 5037 109⁷.
