4782 6002
2730 325 2775 392 6

1357 487 1528 544 runt
1574 474 2089 568 jureconsulti,
2146 475 2365 546 veluti
2433 499 2520 545 ne
2584 487 2913 545 mutuato
2982 496 3222 544 amore
3276 498 3349 544 se
3405 474 3703 544 invicem
3768 475 4149 570 spoliarent

1354 587 1754 696 conjuges¹.
1800 599 1905 670 Ita
1947 598 2320 670 interdicta
2361 611 2510 669 erat
2556 598 2742 668 inter
2786 597 3023 668 virum
3074 610 3143 668 et
3192 621 3481 668 uxorem
3521 596 3813 669 donatio
3858 612 3942 670 ut
3994 599 4149 695 ipso

1346 728 1513 820 jure
1550 725 1734 795 nihil
1782 725 2040 796 valeret-
2079 724 2278 822 quod
2319 737 2560 796 actum
2606 725 2835 796 fuerat
2854 709 2904 792 ².
2946 724 3191 795 Postea
3239 737 3476 794 autem
3500 779 3518 808 ‚
3567 724 3886 795 oratione
3933 726 4151 797 Anto-

1355 854 1507 925 nini
1578 852 1931 924 Caracallae
1996 854 2071 922 in
2140 851 2399 924 Senatu
2464 850 2743 938 habita,
2792 851 3041 922 statuit
3091 850 3794 923 Senatusconsultum
3846 851 3946 923 fas
4006 876 4154 923 esse

1356 980 1729 1078 conjugem
1779 979 1905 1076 qui
1949 976 2242 1049 donavit
2290 979 2660 1073 poenitere,
2707 991 2777 1049 et
2825 977 2953 1049 ubi
2994 979 3205 1050 semel
3246 976 3661 1050 donatorem
3706 978 4145 1073 poenituerit,

1354 1108 1566 1179 etiam
1620 1105 1954 1177 heredem
2010 1104 2381 1176 revocandi
2437 1118 2855 1199 potestatem
2916 1103 3212 1190 habere,
3275 1104 3384 1174 sin
3429 1103 3731 1176 durante
3777 1105 3920 1175 vita
3966 1105 4147 1175 nihil

1354 1234 1491 1305 tale
1546 1232 2098 1320 manifestaverit,
2139 1231 2291 1316 ine,
2346 1232 2575 1303 valere
2626 1217 3152 1302 donationem.³

2525 1531 2809 1604 CAPUT
2861 1533 2975 1602 111.

2188 1721 2279 1806 Be
2328 1723 2522 1808 rebus
2571 1744 2709 1830 qnae
2758 1721 2974 1807 donari
3025 1729 3312 1830 possunt.

1457 1928 1715 1998 Donari
1790 1943 2089 2024 possunt
2153 1953 2263 1998 res
2321 1953 2568 1999 omnes
2633 1952 3074 2025 quaeeunque
3137 1929 3210 1997 in
3262 1927 3691 2023 patrimonio
3740 1926 4149 2012 habentur3

1352 2070 1591 2127 totum
1639 2054 1852 2126 etiam
1897 2055 2213 2126 hominis
2257 2055 2771 2151 patrimonium
2819 2054 2965 2125 sive
3014 2079 3175 2150 pars
3221 2054 3409 2125 illius
3460 2078 3592 2150 pro
3645 2052 3969 2125 indiviso.
4018 2054 4151 2125 Res

1354 2182 1565 2252 etiam
1613 2182 1862 2251 suturae
1914 2178 2164 2251 donari
2212 2195 2511 2276 possunt
2532 2167 2580 2250 ⁴.
2636 2180 2937 2250 Donatio
2990 2176 3075 2250 fit
3113 2178 3330 2276 igitur
3366 2192 3493 2251 aut
3545 2179 3828 2277 singulae
3877 2178 3976 2249 rei
4026 2194 4150 2249 aut

1355 2308 1853 2379 universitatis·

1457 2436 1611 2506 Non
1657 2448 1937 2506 tantum
1989 2457 2226 2505 rerum
2269 2433 2588 2504 dominia
2632 2431 2882 2502 donari
2931 2444 3272 2528 possunt;
3314 2431 3526 2502 etiam
3570 2430 3837 2502 donare
3872 2431 4152 2502 videtur

1353 2562 1478 2656 qui
1522 2560 1646 2655 jus
1696 2558 1988 2657 aliquod
2013 2617 2030 2648 ,
2074 2561 2485 2631 servitutem
2510 2617 2527 2648 ,
2587 2561 3153 2644 usumfructum,
3208 2583 3417 2629 usum
3476 2559 3584 2629 vel
3635 2558 4147 2629 habitationem

1351 2687 1661 2786 gratuito
1708 2686 2078 2758 constituit
2132 2687 2240 2757 vel
2290 2711 2439 2757 rem
2487 2686 2641 2780 ejus
2688 2710 2804 2755 ou1
2851 2684 3196 2772 donatur,
3248 2708 3289 2754 a
3339 2684 3459 2754 tali
3515 2684 3651 2754 sibi
3703 2682 3949 2756 debito
3986 2684 4150 2779 jure

1355 2815 1630 2887 liberat.
1677 2816 1795 2886 Est
1835 2815 2046 2886 etiam
2098 2812 2391 2885 donatio
2440 2811 2663 2884 debiti
2716 2801 3081 2883 remissio⁵
3124 2826 3193 2883 et
3231 2811 3542 2882 nominis
3591 2811 3699 2883 vel
3742 2810 4153 2900 hereditatis

1356 2942 1573 3014 cessio
1612 2933 1922 3041 gratuito
1973 2942 2170 3013 faeta.

2532 3169 2816 3242 CAPUT
2868 3170 2978 3240 lv.

2191 3360 2600 3448 [lunationum
2650 3361 2814 3449 inter
2861 3361 3036 3447 vivos
3089 3358 3313 3446 [orna.
3420 3424 3428 3432 .

1463 3577 1709 3645 Forma
1766 3573 2277 3646 donationibus
2329 3578 2618 3672 propria
2677 3578 3076 3674 antiquitus
3138 3576 3333 3647 nulla
3382 3587 3564 3662 erat,
3609 3597 3840 3669 neque
3884 3594 4050 3642 vero
4109 3596 4151 3642 a

1361 3699 1725 3769 communi
1767 3700 2322 3771 conventionum
2357 3701 2525 3795 jure
2554 3716 2883 3798 exemptae
2926 3714 3144 3772 erant.
3188 3699 3390 3770 Unde
3431 3698 3756 3795 sequitur
3793 3711 3876 3769 ut
3913 3696 3969 3767 si
4022 3719 4148 3766 nec

2066 3885 4148 3900 ..mm—‘—

1443 3997 1483 4027 1.
1524 3975 1606 4027 Fr.
1641 3996 1684 4042 ι,
1708 3996 1766 4041 2,
1790 3974 1933 4045 Ulp„
1966 3976 2066 4044 D„
2101 3976 2178 4030 De
2210 3977 2377 4031 donat.
2410 3979 2499 4031 int.
2533 3980 2624 4031 vir.
2650 3991 2701 4033 et
2727 3999 2835 4045 ux„
2859 3977 3031 4045 XXIV,
3065 4000 3105 4031 1.

1439 4098 1484 4128 a.
1523 4076 1606 4129 Fr.
1647 4078 1706 4143 3,
1730 4071 1777 4146 §-
1815 4096 1898 4143 10,
1929 4077 2076 4147 Ulp„
2111 4078 2205 4145 D.,
2237 4078 2346 4132 eod.
2386 4080 2463 4132 tit.

1437 4178 1483 4230 3.
1526 4178 1609 4231 Fr.
1637 4179 1728 4244 32,
1762 4177 1908 4248 Ulp„
1935 4178 2029 4246 D„
2060 4178 2170 4233 eod.
2205 4178 2280 4232 tit.

1437 4284 1483 4344 4.
1526 4276 1696 4333 Const.
1729 4281 1791 4346 3,
1823 4278 1911 4347 C.‚
1942 4279 1994 4333 h.
2026 4292 2062 4333 t.

1439 4383 1490 4433 5.
1526 4379 1610 4434 Fr.
1642 4400 1706 4451 9,
1738 4398 1845 4450 pr„
1874 4380 1972 4447 D„
2002 4378 2054 4433 h.
2087 4393 2124 4432 t.
