<?xml version="1.0" encoding="UTF-8"?>
<!DOCTYPE html PUBLIC "-//W3C//DTD XHTML 1.0 Transitional//EN"
    "http://www.w3.org/TR/xhtml1/DTD/xhtml1-transitional.dtd">
<html xmlns="http://www.w3.org/1999/xhtml" xml:lang="en" lang="en">
 <head>
  <title>
</title>
<meta http-equiv="Content-Type" content="text/html;charset=utf-8" />
  <meta name='ocr-system' content='tesseract 3.04.00' />
  <meta name='ocr-capabilities' content='ocr_page ocr_carea ocr_par ocr_line ocrx_word'/>
</head>
<body>
  <div class='ocr_page' id='page_1' title='image "./diesinterpellat00beckgoog_0340.png"; bbox 0 0 4782 6002; ppageno 0'>
   <div class='ocr_carea' id='block_1_1' title="bbox 16 459 19 1584">
    <p class='ocr_par' dir='ltr' id='par_1_1' title="bbox 16 459 19 1584">
     <span class='ocr_line' id='line_1_1' title="bbox 16 459 19 1584; baseline 0 0"><span class='ocrx_word' id='word_1_1' title='bbox 16 459 19 1584; x_wconf 95' lang='lat' dir='ltr'><strong> </strong></span> 
     </span>
    </p>
   </div>
   <div class='ocr_carea' id='block_1_2' title="bbox 2506 504 2598 574">
    <p class='ocr_par' dir='ltr' id='par_1_2' title="bbox 2506 504 2598 574">
     <span class='ocr_line' id='line_1_2' title="bbox 2506 504 2598 574; baseline -0.011 0"><span class='ocrx_word' id='word_1_2' title='bbox 2506 504 2598 574; x_wconf 82' lang='lat'><strong>16</strong></span> 
     </span>
    </p>
   </div>
   <div class='ocr_carea' id='block_1_3' title="bbox 891 741 4206 1259">
    <p class='ocr_par' dir='ltr' id='par_1_3' title="bbox 891 741 4206 1259">
     <span class='ocr_line' id='line_1_3' title="bbox 1101 741 4203 840; baseline 0.001 -23"><span class='ocrx_word' id='word_1_3' title='bbox 1101 746 1250 818; x_wconf 84' lang='lat' dir='ltr'><strong>Jam</strong></span> <span class='ocrx_word' id='word_1_4' title='bbox 1304 745 1632 817; x_wconf 68' lang='lat' dir='ltr'><strong>accedant¹</strong></span> <span class='ocrx_word' id='word_1_5' title='bbox 1671 745 1929 831; x_wconf 55' lang='lat' dir='ltr'><strong>adea,</strong></span> <span class='ocrx_word' id='word_1_6' title='bbox 1981 765 2166 838; x_wconf 76' lang='lat' dir='ltr'><strong>quae·</strong></span> <span class='ocrx_word' id='word_1_7' title='bbox 2209 744 2365 815; x_wconf 83' lang='lat' dir='ltr'><strong>mihi</strong></span> <span class='ocrx_word' id='word_1_8' title='bbox 2416 742 2591 815; x_wconf 85' lang='lat' dir='ltr'><strong>hano</strong></span> <span class='ocrx_word' id='word_1_9' title='bbox 2641 741 3345 821; x_wconf 62' lang='lat' dir='ltr'><strong>dicandi-occasionem</strong></span> <span class='ocrx_word' id='word_1_10' title='bbox 3401 748 3679 816; x_wconf 87' lang='lat' dir='ltr'><strong>omnino·</strong></span> <span class='ocrx_word' id='word_1_11' title='bbox 3718 743 4203 840; x_wconf 74' lang='lat' dir='ltr'><strong>praebuerunt:</strong></span> 
     </span>
     <span class='ocr_line' id='line_1_4' title="bbox 891 880 4206 977; baseline 0 -20"><span class='ocrx_word' id='word_1_12' title='bbox 891 890 1140 958; x_wconf 72' lang='lat' dir='ltr'><strong>etenim</strong></span> <span class='ocrx_word' id='word_1_13' title='bbox 1215 906 1414 956; x_wconf 81' lang='lat' dir='ltr'><strong>mere.</strong></span> <span class='ocrx_word' id='word_1_14' title='bbox 1474 892 1796 956; x_wconf 70' lang='lat' dir='ltr'><strong>consueto</strong></span> <span class='ocrx_word' id='word_1_15' title='bbox 1865 880 2216 954; x_wconf 70' lang='lat' dir='ltr'><strong>indicando</strong></span> <span class='ocrx_word' id='word_1_16' title='bbox 2279 892 2473 970; x_wconf 74' lang='lat' dir='ltr'><strong>snm,</strong></span> <span class='ocrx_word' id='word_1_17' title='bbox 2544 903 2716 976; x_wconf 82' lang='lat' dir='ltr'><strong>quae</strong></span> <span class='ocrx_word' id='word_1_18' title='bbox 2768 892 2962 953; x_wconf 62' lang='lat' dir='ltr'><strong>*anno</strong></span> <span class='ocrx_word' id='word_1_19' title='bbox 3036 885 3393 977; x_wconf 78' lang='lat' dir='ltr'><strong>praeterito</strong></span> <span class='ocrx_word' id='word_1_20' title='bbox 3458 882 3873 954; x_wconf 70' lang='lat' dir='ltr'><strong>Academia-¹0</strong></span> <span class='ocrx_word' id='word_1_21' title='bbox 3936 896 4206 957; x_wconf 73' lang='lat' dir='ltr'><strong>nostrae</strong></span> 
     </span>
     <span class='ocr_line' id='line_1_5' title="bbox 897 1019 4206 1119; baseline 0 -25"><span class='ocrx_word' id='word_1_22' title='bbox 897 1021 1295 1110; x_wconf 68' lang='lat' dir='ltr'><strong>accium-int,</strong></span> <span class='ocrx_word' id='word_1_23' title='bbox 1365 1020 1688 1114; x_wconf 82' lang='lat' dir='ltr'><strong>simulque</strong></span> <span class='ocrx_word' id='word_1_24' title='bbox 1752 1022 1995 1113; x_wconf 66' lang='lat' dir='ltr'><strong>judicia</strong></span> <span class='ocrx_word' id='word_1_25' title='bbox 2053 1019 2370 1091; x_wconf 76' lang='lat' dir='ltr'>ordinum</span> <span class='ocrx_word' id='word_1_26' title='bbox 2430 1020 2863 1092; x_wconf 67' lang='lat' dir='ltr'><strong>renuntianda</strong></span> <span class='ocrx_word' id='word_1_27' title='bbox 2904 1019 2999 1092; x_wconf 89' lang='lat' dir='ltr'><strong>·de</strong></span> <span class='ocrx_word' id='word_1_28' title='bbox 3032 1023 3153 1109; x_wconf 79' lang='lat' dir='ltr'><strong>iis,</strong></span> <span class='ocrx_word' id='word_1_29' title='bbox 3207 1023 3315 1114; x_wconf 89' lang='lat' dir='ltr'><strong>qui</strong></span> <span class='ocrx_word' id='word_1_30' title='bbox 3343 1024 3969 1117; x_wconf 74' lang='lat' dir='ltr'><strong>quaestiones-anno</strong></span> <span class='ocrx_word' id='word_1_31' title='bbox 3996 1044 4206 1119; x_wconf 69' lang='lat' dir='ltr'><strong>prae·-</strong></span> 
     </span>
     <span class='ocr_line' id='line_1_6' title="bbox 897 1140 4202 1259; baseline 0.001 -30"><span class='ocrx_word' id='word_1_32' title='bbox 897 1159 1190 1254; x_wconf 83' lang='lat' dir='ltr'><strong>terlapso</strong></span> <span class='ocrx_word' id='word_1_33' title='bbox 1245 1165 1625 1254; x_wconf 82' lang='lat' dir='ltr'><strong>propositas</strong></span> <span class='ocrx_word' id='word_1_34' title='bbox 1680 1160 1952 1259; x_wconf 75' lang='lat' dir='ltr'><strong>solvere</strong></span> <span class='ocrx_word' id='word_1_35' title='bbox 2004 1163 2236 1231; x_wconf 81' lang='lat' dir='ltr'><strong>conati·</strong></span> <span class='ocrx_word' id='word_1_36' title='bbox 2273 1169 2463 1248; x_wconf 79' lang='lat' dir='ltr'><strong>sunt,</strong></span> <span class='ocrx_word' id='word_1_37' title='bbox 2518 1165 2601 1231; x_wconf 81' lang='lat' dir='ltr'><strong>ae</strong></span> <span class='ocrx_word' id='word_1_38' title='bbox 2651 1159 2933 1255; x_wconf 77' lang='lat' dir='ltr'><strong>denique</strong></span> <span class='ocrx_word' id='word_1_39' title='bbox 2985 1179 3205 1230; x_wconf 81' lang='lat' dir='ltr'><strong>novae</strong></span> <span class='ocrx_word' id='word_1_40' title='bbox 3235 1140 3656 1251; x_wconf 81' lang='lat' dir='ltr'><strong>quaestiones</strong></span> <span class='ocrx_word' id='word_1_41' title='bbox 3710 1160 4202 1255; x_wconf 74' lang='lat' dir='ltr'><strong>proponendae.</strong></span> 
     </span>
    </p>
   </div>
   <div class='ocr_carea' id='block_1_4' title="bbox 1105 1313 4202 1410">
    <p class='ocr_par' dir='ltr' id='par_1_4' title="bbox 1105 1313 4202 1410">
     <span class='ocr_line' id='line_1_7' title="bbox 1105 1313 4202 1410; baseline 0 -24"><span class='ocrx_word' id='word_1_42' title='bbox 1105 1314 1193 1386; x_wconf 90' lang='lat' dir='ltr'><strong>Ut</strong></span> <span class='ocrx_word' id='word_1_43' title='bbox 1248 1338 1284 1385; x_wconf 88' lang='lat' dir='ltr'><strong>a</strong></span> <span class='ocrx_word' id='word_1_44' title='bbox 1339 1313 1537 1386; x_wconf 86' lang='lat' dir='ltr'><strong>rebus</strong></span> <span class='ocrx_word' id='word_1_45' title='bbox 1591 1316 1835 1388; x_wconf 86' lang='lat' dir='ltr'><strong>nostris</strong></span> <span class='ocrx_word' id='word_1_46' title='bbox 1892 1318 2132 1386; x_wconf 82' lang='lat' dir='ltr'><strong>initium</strong></span> <span class='ocrx_word' id='word_1_47' title='bbox 2207 1313 2451 1385; x_wconf 81' lang='lat' dir='ltr'><strong>faciam</strong></span> <span class='ocrx_word' id='word_1_48' title='bbox 2472 1367 2493 1401; x_wconf 79' lang='grc'><em>,</em></span> <span class='ocrx_word' id='word_1_49' title='bbox 2564 1324 2777 1386; x_wconf 85' lang='lat' dir='ltr'><strong>morte</strong></span> <span class='ocrx_word' id='word_1_50' title='bbox 2847 1313 3035 1386; x_wconf 86' lang='lat' dir='ltr'><strong>nobis</strong></span> <span class='ocrx_word' id='word_1_51' title='bbox 3102 1314 3273 1386; x_wconf 82' lang='lat' dir='ltr'><strong>duos</strong></span> <span class='ocrx_word' id='word_1_52' title='bbox 3338 1313 3637 1408; x_wconf 86' lang='lat' dir='ltr'><strong>collegas</strong></span> <span class='ocrx_word' id='word_1_53' title='bbox 3708 1325 3987 1410; x_wconf 85' lang='lat' dir='ltr'><strong>ereptos</strong></span> <span class='ocrx_word' id='word_1_54' title='bbox 4047 1338 4202 1388; x_wconf 88' lang='lat' dir='ltr'><strong>esse</strong></span> 
     </span>
    </p>
   </div>
   <div class='ocr_carea' id='block_1_5' title="bbox 855 1448 4201 1547">
    <p class='ocr_par' dir='ltr' id='par_1_5' title="bbox 855 1448 4201 1547">
     <span class='ocr_line' id='line_1_8' title="bbox 855 1448 4201 1547; baseline -0 -22"><span class='ocrx_word' id='word_1_55' title='bbox 855 1494 864 1499; x_wconf 92' lang='lat'><em>-</em></span> <span class='ocrx_word' id='word_1_56' title='bbox 900 1451 1242 1542; x_wconf 78' lang='lat' dir='ltr'><strong>dolemus,</strong></span> <span class='ocrx_word' id='word_1_57' title='bbox 1295 1452 1569 1523; x_wconf 80' lang='lat' dir='ltr'><strong>alterum</strong></span> <span class='ocrx_word' id='word_1_58' title='bbox 1642 1474 1870 1523; x_wconf 89' lang='lat' dir='ltr'><strong>senem</strong></span> <span class='ocrx_word' id='word_1_59' title='bbox 1927 1452 2329 1524; x_wconf 77' lang='lat' dir='ltr'><strong>Frideiieum</strong></span> <span class='ocrx_word' id='word_1_60' title='bbox 2379 1448 2928 1545; x_wconf 64' lang='lat' dir='ltr'><strong>Christophorum</strong></span> <span class='ocrx_word' id='word_1_61' title='bbox 2978 1452 3251 1523; x_wconf 79' lang='lat' dir='ltr'><strong>Schlo</strong></span> <span class='ocrx_word' id='word_1_62' title='bbox 3273 1473 3416 1522; x_wconf 90' lang='lat' dir='ltr'><strong>sse</strong></span> <span class='ocrx_word' id='word_1_63' title='bbox 3438 1472 3609 1522; x_wconf 91' lang='lat' dir='ltr'><strong>rum</strong></span> <span class='ocrx_word' id='word_1_64' title='bbox 3631 1504 3653 1540; x_wconf 84' lang='lat'>‚</span> <span class='ocrx_word' id='word_1_65' title='bbox 3724 1455 3832 1547; x_wconf 81' lang='lat' dir='ltr'><strong>qui</strong></span> <span class='ocrx_word' id='word_1_66' title='bbox 3902 1451 4058 1524; x_wconf 90' lang='lat' dir='ltr'><strong>inde</strong></span> <span class='ocrx_word' id='word_1_67' title='bbox 4121 1454 4201 1525; x_wconf 83' lang='lat' dir='ltr'><strong>ab</strong></span> 
     </span>
    </p>
   </div>
   <div class='ocr_carea' id='block_1_6' title="bbox 899 1589 4209 2352">
    <p class='ocr_par' dir='ltr' id='par_1_6' title="bbox 899 1589 4209 2352">
     <span class='ocr_line' id='line_1_9' title="bbox 901 1589 4209 1686; baseline 0.001 -24"><span class='ocrx_word' id='word_1_68' title='bbox 901 1610 1077 1662; x_wconf 85' lang='lat' dir='ltr'><strong>anno</strong></span> <span class='ocrx_word' id='word_1_69' title='bbox 1132 1591 1321 1684; x_wconf 87' lang='lat' dir='ltr'><strong>hujus</strong></span> <span class='ocrx_word' id='word_1_70' title='bbox 1374 1591 1622 1662; x_wconf 82' lang='lat' dir='ltr'><strong>saeculi</strong></span> <span class='ocrx_word' id='word_1_71' title='bbox 1675 1590 1930 1661; x_wconf 86' lang='lat' dir='ltr'><strong>decimo</strong></span> <span class='ocrx_word' id='word_1_72' title='bbox 1971 1594 2303 1686; x_wconf 71' lang='lat' dir='ltr'><strong>septimo,</strong></span> <span class='ocrx_word' id='word_1_73' title='bbox 2357 1612 2489 1685; x_wconf 79' lang='lat' dir='ltr'><strong>quo</strong></span> <span class='ocrx_word' id='word_1_74' title='bbox 2546 1589 2626 1661; x_wconf 90' lang='lat' dir='ltr'><strong>ad</strong></span> <span class='ocrx_word' id='word_1_75' title='bbox 2683 1591 3234 1662; x_wconf 75' lang='lat' dir='ltr'><strong>hanc&#39;literarum</strong></span> <span class='ocrx_word' id='word_1_76' title='bbox 3264 1590 3488 1661; x_wconf 79' lang='lat' dir='ltr'><strong>sedem</strong></span> <span class='ocrx_word' id='word_1_77' title='bbox 3520 1591 3832 1661; x_wconf 81' lang='lat' dir='ltr'><strong>historiae</strong></span> <span class='ocrx_word' id='word_1_78' title='bbox 3858 1590 4209 1686; x_wconf 75' lang='lat' dir='ltr'>professor</span> 
     </span>
     <span class='ocr_line' id='line_1_10' title="bbox 899 1692 4208 1823; baseline -0.001 -21"><span class='ocrx_word' id='word_1_79' title='bbox 899 1737 1184 1802; x_wconf 77' lang='lat' dir='ltr'><strong>vocatus</strong></span> <span class='ocrx_word' id='word_1_80' title='bbox 1238 1739 1377 1818; x_wconf 68' lang='lat' dir='ltr'><strong>est,</strong></span> <span class='ocrx_word' id='word_1_81' title='bbox 1433 1727 1862 1800; x_wconf 78' lang='lat' dir='ltr'><strong>Academiam</strong></span> <span class='ocrx_word' id='word_1_82' title='bbox 1916 1737 2212 1799; x_wconf 81' lang='lat' dir='ltr'><strong>nostram</strong></span> <span class='ocrx_word' id='word_1_83' title='bbox 2263 1736 2331 1798; x_wconf 87' lang='lat' dir='ltr'><strong>et</strong></span> <span class='ocrx_word' id='word_1_84' title='bbox 2381 1726 2686 1799; x_wconf 81' lang='lat' dir='ltr'><strong>docendo</strong></span> <span class='ocrx_word' id='word_1_85' title='bbox 2740 1735 2808 1798; x_wconf 88' lang='lat' dir='ltr'><strong>et</strong></span> <span class='ocrx_word' id='word_1_86' title='bbox 2860 1692 3215 1799; x_wconf 74' lang='lat' dir='ltr'><strong>scribendo</strong></span> <span class='ocrx_word' id='word_1_87' title='bbox 3267 1724 3613 1800; x_wconf 87' lang='lat' dir='ltr'><strong>illustravit</strong></span> <span class='ocrx_word' id='word_1_88' title='bbox 3666 1750 3875 1823; x_wconf 86' lang='lat' dir='ltr'><strong>usque</strong></span> <span class='ocrx_word' id='word_1_89' title='bbox 3930 1729 4010 1800; x_wconf 91' lang='lat' dir='ltr'><strong>ad</strong></span> <span class='ocrx_word' id='word_1_90' title='bbox 4069 1752 4208 1802; x_wconf 79' lang='lat' dir='ltr'><strong>ex·-</strong></span> 
     </span>
     <span class='ocr_line' id='line_1_11' title="bbox 901 1864 4206 1962; baseline 0 -23"><span class='ocrx_word' id='word_1_91' title='bbox 901 1879 1179 1941; x_wconf 87' lang='lat' dir='ltr'><strong>tremum</strong></span> <span class='ocrx_word' id='word_1_92' title='bbox 1235 1864 1382 1938; x_wconf 85' lang='lat' dir='ltr'><strong>fere</strong></span> <span class='ocrx_word' id='word_1_93' title='bbox 1433 1871 1614 1939; x_wconf 85' lang='lat' dir='ltr'><strong>vitae</strong></span> <span class='ocrx_word' id='word_1_94' title='bbox 1666 1872 2014 1937; x_wconf 85' lang='lat' dir='ltr'><strong>terminum</strong></span> <span class='ocrx_word' id='word_1_95' title='bbox 2086 1886 2281 1960; x_wconf 79' lang='lat' dir='ltr'><strong>quem</strong></span> <span class='ocrx_word' id='word_1_96' title='bbox 2332 1869 2543 1959; x_wconf 78' lang='lat' dir='ltr'><strong>attigit</strong></span> <span class='ocrx_word' id='word_1_97' title='bbox 2596 1869 3012 1962; x_wconf 70' lang='lat' dir='ltr'><strong>nominisque</strong></span> <span class='ocrx_word' id='word_1_98' title='bbox 3082 1870 3181 1939; x_wconf 82' lang='lat' dir='ltr'><strong>sui</strong></span> <span class='ocrx_word' id='word_1_99' title='bbox 3237 1866 3491 1939; x_wconf 82' lang='lat' dir='ltr'><strong>famam·</strong></span> <span class='ocrx_word' id='word_1_100' title='bbox 3547 1887 3668 1962; x_wconf 90' lang='lat' dir='ltr'><strong>per</strong></span> <span class='ocrx_word' id='word_1_101' title='bbox 3736 1888 3971 1940; x_wconf 86' lang='lat' dir='ltr'><strong>omnes</strong></span> <span class='ocrx_word' id='word_1_102' title='bbox 4024 1869 4206 1941; x_wconf 89' lang='lat' dir='ltr'><strong>Ger-</strong></span> 
     </span>
     <span class='ocr_line' id='line_1_12' title="bbox 902 2002 4207 2100; baseline 0 -23"><span class='ocrx_word' id='word_1_103' title='bbox 902 2009 1163 2077; x_wconf 79' lang='lat' dir='ltr'><strong>maniae</strong></span> <span class='ocrx_word' id='word_1_104' title='bbox 1213 2015 1435 2100; x_wconf 84' lang='lat' dir='ltr'><strong>partes</strong></span> <span class='ocrx_word' id='word_1_105' title='bbox 1507 2014 1907 2099; x_wconf 78' lang='lat' dir='ltr'><strong>exterasque</strong></span> <span class='ocrx_word' id='word_1_106' title='bbox 1985 2002 2248 2097; x_wconf 81' lang='lat' dir='ltr'><strong>quoque</strong></span> <span class='ocrx_word' id='word_1_107' title='bbox 2305 2013 2516 2076; x_wconf 86' lang='lat' dir='ltr'><strong>terras</strong></span> <span class='ocrx_word' id='word_1_108' title='bbox 2582 2009 2979 2099; x_wconf 79' lang='lat' dir='ltr'><strong>propagavit</strong></span> <span class='ocrx_word' id='word_1_109' title='bbox 3032 2005 3281 2076; x_wconf 77' lang='lat' dir='ltr'>ordinis</span> <span class='ocrx_word' id='word_1_110' title='bbox 3349 2004 3889 2100; x_wconf 87' lang='lat' dir='ltr'><strong>philosophorum</strong></span> <span class='ocrx_word' id='word_1_111' title='bbox 3944 2011 4207 2079; x_wconf 89' lang='lat' dir='ltr'><strong>senior:</strong></span> 
     </span>
     <span class='ocr_line' id='line_1_13' title="bbox 904 2139 4201 2239; baseline 0 -23"><span class='ocrx_word' id='word_1_112' title='bbox 904 2139 1182 2216; x_wconf 79' lang='lat' dir='ltr'><strong>alterum</strong></span> <span class='ocrx_word' id='word_1_113' title='bbox 1211 2154 1424 2214; x_wconf 83' lang='lat' dir='ltr'><strong>morte</strong></span> <span class='ocrx_word' id='word_1_114' title='bbox 1453 2151 1748 2238; x_wconf 82' lang='lat' dir='ltr'><strong>ereptum</strong></span> <span class='ocrx_word' id='word_1_115' title='bbox 1772 2143 2074 2235; x_wconf 85' lang='lat' dir='ltr'><strong>lugemus</strong></span> <span class='ocrx_word' id='word_1_116' title='bbox 2105 2142 2213 2214; x_wconf 92' lang='lat' dir='ltr'><strong>Br</strong></span> <span class='ocrx_word' id='word_1_117' title='bbox 2233 2141 2387 2214; x_wconf 80' lang='lat' dir='ltr'><strong>aek</strong></span> <span class='ocrx_word' id='word_1_118' title='bbox 2407 2160 2507 2214; x_wconf 87' lang='lat' dir='ltr'><strong>en</strong></span> <span class='ocrx_word' id='word_1_119' title='bbox 2528 2142 2631 2213; x_wconf 87' lang='lat' dir='ltr'><strong>ho</strong></span> <span class='ocrx_word' id='word_1_120' title='bbox 2655 2142 2802 2231; x_wconf 76' lang='lat' dir='ltr'><strong>eft,</strong></span> <span class='ocrx_word' id='word_1_121' title='bbox 2830 2145 2990 2234; x_wconf 84' lang='lat' dir='ltr'><strong>juris</strong></span> <span class='ocrx_word' id='word_1_122' title='bbox 3025 2143 3480 2239; x_wconf 77' lang='lat' dir='ltr'><strong>professorem</strong></span> <span class='ocrx_word' id='word_1_123' title='bbox 3508 2144 4103 2216; x_wconf 51' lang='lat' dir='ltr'><strong>¹extraordinarium</strong></span> <span class='ocrx_word' id='word_1_124' title='bbox 4139 2149 4201 2216; x_wconf 88' lang='lat' dir='ltr'><strong>in</strong></span> 
     </span>
     <span class='ocr_line' id='line_1_14' title="bbox 905 2244 2671 2352; baseline 0 -1"><span class='ocrx_word' id='word_1_125' title='bbox 905 2279 1209 2352; x_wconf 89' lang='lat' dir='ltr'><strong>docendo</strong></span> <span class='ocrx_word' id='word_1_126' title='bbox 1263 2288 1330 2352; x_wconf 87' lang='lat' dir='ltr'><strong>et</strong></span> <span class='ocrx_word' id='word_1_127' title='bbox 1382 2278 1734 2351; x_wconf 79' lang='lat' dir='ltr'><strong>scribendo</strong></span> <span class='ocrx_word' id='word_1_128' title='bbox 1790 2283 2367 2352; x_wconf 83' lang='lat' dir='ltr'><strong>accuratissimum.</strong></span> <span class='ocrx_word' id='word_1_129' title='bbox 2664 2244 2671 2253; x_wconf 87' lang='lat'><strong>.</strong></span> 
     </span>
    </p>
   </div>
   <div class='ocr_carea' id='block_1_7' title="bbox 903 2400 4208 3201">
    <p class='ocr_par' dir='ltr' id='par_1_7' title="bbox 903 2400 4208 3201">
     <span class='ocr_line' id='line_1_15' title="bbox 1115 2400 4196 2527; baseline -0 -21"><span class='ocrx_word' id='word_1_130' title='bbox 1115 2434 1224 2506; x_wconf 84' lang='lat' dir='ltr'><strong>Ex</strong></span> <span class='ocrx_word' id='word_1_131' title='bbox 1277 2432 1512 2508; x_wconf 90' lang='lat' dir='ltr'><strong>eodem</strong></span> <span class='ocrx_word' id='word_1_132' title='bbox 1567 2434 1798 2506; x_wconf 84' lang='lat' dir='ltr'><strong>ordine</strong></span> <span class='ocrx_word' id='word_1_133' title='bbox 1818 2435 2436 2527; x_wconf 85' lang='lat' dir='ltr'><strong>jurisconsultorum</strong></span> <span class='ocrx_word' id='word_1_134' title='bbox 2466 2431 2769 2506; x_wconf 77' lang='lat' dir='ltr'><strong>discessit</strong></span> <span class='ocrx_word' id='word_1_135' title='bbox 2793 2407 3129 2505; x_wconf 75' lang='lat' dir='ltr'><strong>ssebertus</strong></span> <span class='ocrx_word' id='word_1_136' title='bbox 3157 2432 3240 2505; x_wconf 86' lang='lat' dir='ltr'><strong>de</strong></span> <span class='ocrx_word' id='word_1_137' title='bbox 3293 2432 3570 2521; x_wconf 73' lang='lat' dir='ltr'><strong>Hohl,</strong></span> <span class='ocrx_word' id='word_1_138' title='bbox 3626 2400 3665 2505; x_wconf 78' lang='lat' dir='ltr'><strong>a</strong></span> <span class='ocrx_word' id='word_1_139' title='bbox 3719 2445 3941 2506; x_wconf 85' lang='lat' dir='ltr'><strong>nostro</strong></span> <span class='ocrx_word' id='word_1_140' title='bbox 3992 2435 4196 2508; x_wconf 89' lang='lat' dir='ltr'><strong>Priu-</strong></span> 
     </span>
     <span class='ocr_line' id='line_1_16' title="bbox 905 2543 4200 2684; baseline 0 -40"><span class='ocrx_word' id='word_1_141' title='bbox 905 2575 1053 2670; x_wconf 82' lang='lat' dir='ltr'><strong>cipe</strong></span> <span class='ocrx_word' id='word_1_142' title='bbox 1110 2571 1353 2644; x_wconf 85' lang='lat' dir='ltr'><strong>Orator</strong></span> <span class='ocrx_word' id='word_1_143' title='bbox 1404 2576 1646 2684; x_wconf 78' lang='lat' dir='ltr'><strong>missus</strong></span> <span class='ocrx_word' id='word_1_144' title='bbox 1698 2571 1782 2644; x_wconf 90' lang='lat' dir='ltr'><strong>ad</strong></span> <span class='ocrx_word' id='word_1_145' title='bbox 1839 2572 2183 2644; x_wconf 84' lang='lat' dir='ltr'><strong>concilium</strong></span> <span class='ocrx_word' id='word_1_146' title='bbox 2230 2572 2604 2666; x_wconf 83' lang='lat' dir='ltr'><strong>legatorum</strong></span> <span class='ocrx_word' id='word_1_147' title='bbox 2660 2543 3261 2643; x_wconf 72' lang='lat' dir='ltr'><strong>confoederationis</strong></span> <span class='ocrx_word' id='word_1_148' title='bbox 3290 2571 3721 2643; x_wconf 85' lang='lat' dir='ltr'><strong>Germanicae</strong></span> <span class='ocrx_word' id='word_1_149' title='bbox 3775 2582 3840 2644; x_wconf 88' lang='lat' dir='ltr'><strong>et</strong></span> <span class='ocrx_word' id='word_1_150' title='bbox 3892 2571 4200 2666; x_wconf 81' lang='lat' dir='ltr'><strong>dignitate</strong></span> 
     </span>
     <span class='ocr_line' id='line_1_17' title="bbox 903 2708 4207 2807; baseline -0.001 -23"><span class='ocrx_word' id='word_1_151' title='bbox 903 2712 1264 2785; x_wconf 85' lang='lat' dir='ltr'><strong>consiliarii</strong></span> <span class='ocrx_word' id='word_1_152' title='bbox 1318 2715 1522 2783; x_wconf 91' lang='lat' dir='ltr'><strong>intimi</strong></span> <span class='ocrx_word' id='word_1_153' title='bbox 1575 2710 1910 2784; x_wconf 87' lang='lat' dir='ltr'><strong>secundae</strong></span> <span class='ocrx_word' id='word_1_154' title='bbox 1962 2710 2193 2783; x_wconf 89' lang='lat' dir='ltr'><strong>classis</strong></span> <span class='ocrx_word' id='word_1_155' title='bbox 2248 2720 2555 2783; x_wconf 84' lang='lat' dir='ltr'><strong>ornatus:</strong></span> <span class='ocrx_word' id='word_1_156' title='bbox 2628 2708 2931 2782; x_wconf 80' lang='lat' dir='ltr'><strong>discessit</strong></span> <span class='ocrx_word' id='word_1_157' title='bbox 2986 2729 3251 2804; x_wconf 87' lang='lat' dir='ltr'><strong>quoque</strong></span> <span class='ocrx_word' id='word_1_158' title='bbox 3302 2708 3511 2781; x_wconf 88' lang='lat' dir='ltr'><strong>Julius</strong></span> <span class='ocrx_word' id='word_1_159' title='bbox 3562 2709 3601 2781; x_wconf 88' lang='lat' dir='ltr'><strong>J</strong></span> <span class='ocrx_word' id='word_1_160' title='bbox 3624 2709 3813 2805; x_wconf 76' lang='lat' dir='ltr'><strong>olly</strong></span> <span class='ocrx_word' id='word_1_161' title='bbox 3866 2708 4207 2807; x_wconf 80' lang='lat' dir='ltr'><strong>professor</strong></span> 
     </span>
     <span class='ocr_line' id='line_1_18' title="bbox 903 2844 4208 2946; baseline -0 -26"><span class='ocrx_word' id='word_1_162' title='bbox 903 2847 1470 2922; x_wconf 71' lang='lat' dir='ltr'><strong>extraordinarius</strong></span> <span class='ocrx_word' id='word_1_163' title='bbox 1531 2887 1617 2898; x_wconf 89' lang='lat'><strong>—-</strong></span> <span class='ocrx_word' id='word_1_164' title='bbox 1677 2866 1716 2921; x_wconf 81' lang='lat' dir='ltr'><strong>a</strong></span> <span class='ocrx_word' id='word_1_165' title='bbox 1772 2848 2061 2921; x_wconf 85' lang='lat' dir='ltr'><strong>consiliis</strong></span> <span class='ocrx_word' id='word_1_166' title='bbox 2115 2870 2340 2922; x_wconf 87' lang='lat' dir='ltr'><strong>rerum</strong></span> <span class='ocrx_word' id='word_1_167' title='bbox 2393 2847 2799 2946; x_wconf 85' lang='lat' dir='ltr'><strong>publicarum</strong></span> <span class='ocrx_word' id='word_1_168' title='bbox 2863 2845 3518 2921; x_wconf 85' lang='lat' dir='ltr'><strong>administrandarum</strong></span> <span class='ocrx_word' id='word_1_169' title='bbox 3590 2860 3869 2921; x_wconf 84' lang='lat' dir='ltr'><strong>vocatus</strong></span> <span class='ocrx_word' id='word_1_170' title='bbox 3940 2844 4208 2921; x_wconf 85' lang='lat' dir='ltr'><strong>Caroli-</strong></span> 
     </span>
     <span class='ocr_line' id='line_1_19' title="bbox 903 2985 4207 3119; baseline -0 -59"><span class='ocrx_word' id='word_1_171' title='bbox 903 2988 1176 3079; x_wconf 80' lang='lat' dir='ltr'><strong>ruham3</strong></span> <span class='ocrx_word' id='word_1_172' title='bbox 1257 2986 1342 3061; x_wconf 89' lang='lat' dir='ltr'><strong>ad</strong></span> <span class='ocrx_word' id='word_1_173' title='bbox 1419 2986 1905 3082; x_wconf 87' lang='lat' dir='ltr'><strong>Erlangensem</strong></span> <span class='ocrx_word' id='word_1_174' title='bbox 1975 2985 2488 3061; x_wconf 79' lang='lat' dir='ltr'><strong>Universitatem</strong></span> <span class='ocrx_word' id='word_1_175' title='bbox 2571 2997 2852 3060; x_wconf 87' lang='lat' dir='ltr'><strong>vocatus</strong></span> <span class='ocrx_word' id='word_1_176' title='bbox 2922 2986 3079 3060; x_wconf 88' lang='lat' dir='ltr'><strong>abiit</strong></span> <span class='ocrx_word' id='word_1_177' title='bbox 3129 2986 3811 3119; x_wconf 45' lang='lat' dir='ltr'><strong>Mar&#39;quar‘dsem</strong></span> <span class='ocrx_word' id='word_1_178' title='bbox 3863 2985 4207 3085; x_wconf 80' lang='lat' dir='ltr'><strong>professor</strong></span> 
     </span>
     <span class='ocr_line' id='line_1_20' title="bbox 905 3127 1499 3201; baseline 0.002 -2"><span class='ocrx_word' id='word_1_179' title='bbox 905 3127 1499 3201; x_wconf 76' lang='lat' dir='ltr'><strong>extraordinarius,</strong></span> 
     </span>
    </p>
   </div>
   <div class='ocr_carea' id='block_1_8' title="bbox 907 3277 4285 4348">
    <p class='ocr_par' dir='ltr' id='par_1_8' title="bbox 907 3277 4285 4348">
     <span class='ocr_line' id='line_1_21' title="bbox 1112 3277 4210 3378; baseline -0.001 -25"><span class='ocrx_word' id='word_1_180' title='bbox 1112 3282 1187 3355; x_wconf 88' lang='lat' dir='ltr'><strong>ln</strong></span> <span class='ocrx_word' id='word_1_181' title='bbox 1241 3282 1535 3356; x_wconf 84' lang='lat' dir='ltr'><strong>ordinem</strong></span> <span class='ocrx_word' id='word_1_182' title='bbox 1588 3283 2048 3377; x_wconf 76' lang='lat' dir='ltr'><strong>theologorum</strong></span> <span class='ocrx_word' id='word_1_183' title='bbox 2103 3281 2387 3354; x_wconf 87' lang='lat' dir='ltr'><strong>adscitus</strong></span> <span class='ocrx_word' id='word_1_184' title='bbox 2443 3290 2544 3353; x_wconf 86' lang='lat' dir='ltr'><strong>est</strong></span> <span class='ocrx_word' id='word_1_185' title='bbox 2595 3280 2939 3376; x_wconf 83' lang='lat' dir='ltr'><strong>Hitzig‚</strong></span> <span class='ocrx_word' id='word_1_186' title='bbox 2994 3285 3102 3378; x_wconf 66' lang='lat' dir='ltr'><strong>qui</strong></span> <span class='ocrx_word' id='word_1_187' title='bbox 3157 3308 3196 3356; x_wconf 90' lang='lat' dir='ltr'><strong>e</strong></span> <span class='ocrx_word' id='word_1_188' title='bbox 3250 3283 3595 3356; x_wconf 85' lang='lat' dir='ltr'><strong>Turicensi</strong></span> <span class='ocrx_word' id='word_1_189' title='bbox 3646 3281 4095 3354; x_wconf 82' lang='lat' dir='ltr'><strong>Universitate</strong></span> <span class='ocrx_word' id='word_1_190' title='bbox 4123 3277 4210 3352; x_wconf 92' lang='lat' dir='ltr'><strong>ad</strong></span> 
     </span>
     <span class='ocr_line' id='line_1_22' title="bbox 907 3417 4200 3515; baseline -0.001 -23"><span class='ocrx_word' id='word_1_191' title='bbox 907 3429 1200 3493; x_wconf 81' lang='lat' dir='ltr'><strong>nostram</strong></span> <span class='ocrx_word' id='word_1_192' title='bbox 1255 3419 1724 3510; x_wconf 70' lang='lat' dir='ltr'><strong>Academiam,</strong></span> <span class='ocrx_word' id='word_1_193' title='bbox 1796 3424 1859 3492; x_wconf 89' lang='lat' dir='ltr'><strong>in</strong></span> <span class='ocrx_word' id='word_1_194' title='bbox 1916 3441 2045 3515; x_wconf 88' lang='lat' dir='ltr'><strong>quo</strong></span> <span class='ocrx_word' id='word_1_195' title='bbox 2102 3419 2257 3494; x_wconf 88' lang='lat' dir='ltr'><strong>olim</strong></span> <span class='ocrx_word' id='word_1_196' title='bbox 2300 3423 2438 3512; x_wconf 85' lang='lat' dir='ltr'><strong>jam</strong></span> <span class='ocrx_word' id='word_1_197' title='bbox 2494 3417 2846 3510; x_wconf 70' lang='lat' dir='ltr'><strong>docuerat,</strong></span> <span class='ocrx_word' id='word_1_198' title='bbox 2928 3421 3154 3493; x_wconf 88' lang='lat' dir='ltr'><strong>rediit:</strong></span> <span class='ocrx_word' id='word_1_199' title='bbox 3228 3427 3292 3494; x_wconf 87' lang='lat' dir='ltr'><strong>in</strong></span> <span class='ocrx_word' id='word_1_200' title='bbox 3364 3420 3665 3493; x_wconf 85' lang='lat' dir='ltr'><strong>ordinem</strong></span> <span class='ocrx_word' id='word_1_201' title='bbox 3752 3419 4200 3511; x_wconf 88' lang='lat' dir='ltr'><strong>jurisconsul-</strong></span> 
     </span>
     <span class='ocr_line' id='line_1_23' title="bbox 909 3555 4213 3658; baseline -0.002 -25"><span class='ocrx_word' id='word_1_202' title='bbox 909 3570 1124 3633; x_wconf 88' lang='lat' dir='ltr'><strong>torum</strong></span> <span class='ocrx_word' id='word_1_203' title='bbox 1179 3568 1454 3631; x_wconf 86' lang='lat' dir='ltr'><strong>vocatus</strong></span> <span class='ocrx_word' id='word_1_204' title='bbox 1527 3566 1630 3629; x_wconf 85' lang='lat' dir='ltr'><strong>est</strong></span> <span class='ocrx_word' id='word_1_205' title='bbox 1700 3557 1996 3631; x_wconf 86' lang='lat' dir='ltr'><strong>Joannes</strong></span> <span class='ocrx_word' id='word_1_206' title='bbox 2095 3556 2428 3654; x_wconf 83' lang='lat' dir='ltr'><strong>Casparus</strong></span> <span class='ocrx_word' id='word_1_207' title='bbox 2524 3557 3075 3649; x_wconf 83' lang='lat' dir='ltr'><strong>Bluntschli‚</strong></span> <span class='ocrx_word' id='word_1_208' title='bbox 3183 3560 3492 3658; x_wconf 75' lang='lat' dir='ltr'><strong>dignitate</strong></span> <span class='ocrx_word' id='word_1_209' title='bbox 3588 3557 3946 3630; x_wconf 90' lang='lat' dir='ltr'><strong>consiliarii</strong></span> <span class='ocrx_word' id='word_1_210' title='bbox 4019 3555 4213 3627; x_wconf 85' lang='lat' dir='ltr'><strong>aulici</strong></span> 
     </span>
     <span class='ocr_line' id='line_1_24' title="bbox 908 3693 4210 3800; baseline -0.002 -30"><span class='ocrx_word' id='word_1_211' title='bbox 908 3705 1217 3770; x_wconf 88' lang='lat' dir='ltr'><strong>ornatus:</strong></span> <span class='ocrx_word' id='word_1_212' title='bbox 1271 3695 1673 3770; x_wconf 89' lang='lat' dir='ltr'><strong>medicorum</strong></span> <span class='ocrx_word' id='word_1_213' title='bbox 1733 3699 1945 3770; x_wconf 87' lang='lat' dir='ltr'><strong>ordini</strong></span> <span class='ocrx_word' id='word_1_214' title='bbox 2000 3697 2254 3771; x_wconf 88' lang='lat' dir='ltr'><strong>additus</strong></span> <span class='ocrx_word' id='word_1_215' title='bbox 2310 3708 2410 3770; x_wconf 90' lang='lat' dir='ltr'><strong>est</strong></span> <span class='ocrx_word' id='word_1_216' title='bbox 2462 3697 2737 3771; x_wconf 86' lang='lat' dir='ltr'><strong>Fuehs</strong></span> <span class='ocrx_word' id='word_1_217' title='bbox 2790 3699 3139 3800; x_wconf 63' lang='lat' dir='ltr'><strong>professor</strong></span> <span class='ocrx_word' id='word_1_218' title='bbox 3166 3697 3773 3784; x_wconf 72' lang='lat' dir='ltr'><strong>extraordinariu3‚</strong></span> <span class='ocrx_word' id='word_1_219' title='bbox 3828 3699 3935 3789; x_wconf 87' lang='lat' dir='ltr'><strong>qui</strong></span> <span class='ocrx_word' id='word_1_220' title='bbox 3992 3693 4210 3767; x_wconf 86' lang='lat' dir='ltr'><strong>medi-</strong></span> 
     </span>
     <span class='ocr_line' id='line_1_25' title="bbox 907 3832 4285 3936; baseline -0.001 -30"><span class='ocrx_word' id='word_1_221' title='bbox 907 3838 1120 3907; x_wconf 89' lang='lat' dir='ltr'><strong>cinam</strong></span> <span class='ocrx_word' id='word_1_222' title='bbox 1179 3838 1644 3908; x_wconf 83' lang='lat' dir='ltr'><strong>veterinariam</strong></span> <span class='ocrx_word' id='word_1_223' title='bbox 1699 3833 2127 3908; x_wconf 86' lang='lat' dir='ltr'><strong>Caroliruhae</strong></span> <span class='ocrx_word' id='word_1_224' title='bbox 2181 3834 2517 3908; x_wconf 87' lang='lat' dir='ltr'><strong>docuerat.</strong></span> <span class='ocrx_word' id='word_1_225' title='bbox 2623 3837 2694 3910; x_wconf 88' lang='lat' dir='ltr'><strong>In</strong></span> <span class='ocrx_word' id='word_1_226' title='bbox 2747 3837 3281 3935; x_wconf 86' lang='lat' dir='ltr'><strong>philosophorum</strong></span> <span class='ocrx_word' id='word_1_227' title='bbox 3329 3833 3561 3936; x_wconf 78' lang='lat' dir='ltr'><strong>ordine</strong></span> <span class='ocrx_word' id='word_1_228' title='bbox 3589 3834 3924 3907; x_wconf 85' lang='lat' dir='ltr'><strong>Gustavus</strong></span> <span class='ocrx_word' id='word_1_229' title='bbox 3979 3832 4215 3905; x_wconf 92' lang='lat' dir='ltr'><strong>Weil</strong></span> <span class='ocrx_word' id='word_1_230' title='bbox 4276 3859 4285 3866; x_wconf 94' lang='lat'>·</span> 
     </span>
     <span class='ocr_line' id='line_1_26' title="bbox 907 3965 4210 4071; baseline -0.001 -25"><span class='ocrx_word' id='word_1_231' title='bbox 907 3974 1253 4071; x_wconf 87' lang='lat' dir='ltr'><strong>professor</strong></span> <span class='ocrx_word' id='word_1_232' title='bbox 1306 3972 1866 4047; x_wconf 84' lang='lat' dir='ltr'><strong>extraordinarius</strong></span> <span class='ocrx_word' id='word_1_233' title='bbox 1921 3982 1987 4046; x_wconf 89' lang='lat' dir='ltr'><strong>et</strong></span> <span class='ocrx_word' id='word_1_234' title='bbox 2039 3971 2565 4046; x_wconf 85' lang='lat' dir='ltr'><strong>bibliothecarius</strong></span> <span class='ocrx_word' id='word_1_235' title='bbox 2619 3979 2988 4048; x_wconf 82' lang='lat' dir='ltr'><strong>nominatus</strong></span> <span class='ocrx_word' id='word_1_236' title='bbox 3043 3985 3144 4046; x_wconf 88' lang='lat' dir='ltr'><strong>est</strong></span> <span class='ocrx_word' id='word_1_237' title='bbox 3211 3973 3558 4070; x_wconf 83' lang='lat' dir='ltr'><strong>professor</strong></span> <span class='ocrx_word' id='word_1_238' title='bbox 3631 3972 4000 4045; x_wconf 89' lang='lat' dir='ltr'><strong>ordinarius</strong></span> <span class='ocrx_word' id='word_1_239' title='bbox 4068 3965 4210 4042; x_wconf 78' lang='lat' dir='ltr'><strong>lin&#39;-</strong></span> 
     </span>
     <span class='ocr_line' id='line_1_27' title="bbox 909 4083 4213 4208; baseline -0.002 -24"><span class='ocrx_word' id='word_1_240' title='bbox 909 4135 1183 4207; x_wconf 86' lang='lat' dir='ltr'><strong>quarum</strong></span> <span class='ocrx_word' id='word_1_241' title='bbox 1213 4111 1624 4185; x_wconf 86' lang='lat' dir='ltr'><strong>orientalium</strong></span> <span class='ocrx_word' id='word_1_242' title='bbox 1656 4122 1721 4184; x_wconf 89' lang='lat' dir='ltr'><strong>et</strong></span> <span class='ocrx_word' id='word_1_243' title='bbox 1748 4111 2129 4186; x_wconf 88' lang='lat' dir='ltr'><strong>Guilielmus</strong></span> <span class='ocrx_word' id='word_1_244' title='bbox 2158 4111 2509 4200; x_wconf 84' lang='lat' dir='ltr'><strong>Watten</strong></span> <span class='ocrx_word' id='word_1_245' title='bbox 2531 4111 2624 4184; x_wconf 88' lang='lat' dir='ltr'><strong>ba</strong></span> <span class='ocrx_word' id='word_1_246' title='bbox 2646 4112 2743 4185; x_wconf 90' lang='lat' dir='ltr'><strong>ch</strong></span> <span class='ocrx_word' id='word_1_247' title='bbox 2800 4083 3373 4187; x_wconf 82' lang='lat' dir='ltr'><strong>wratislaviensis</strong></span> <span class='ocrx_word' id='word_1_248' title='bbox 3419 4115 3805 4208; x_wconf 87' lang='lat' dir='ltr'><strong>nuperrime</strong></span> <span class='ocrx_word' id='word_1_249' title='bbox 3824 4120 4101 4183; x_wconf 86' lang='lat' dir='ltr'><strong>vocatus</strong></span> <span class='ocrx_word' id='word_1_250' title='bbox 4128 4105 4213 4179; x_wconf 88' lang='lat' dir='ltr'><strong>ad</strong></span> 
     </span>
     <span class='ocr_line' id='line_1_28' title="bbox 909 4248 2892 4348; baseline 0 -25"><span class='ocrx_word' id='word_1_251' title='bbox 909 4261 1201 4324; x_wconf 88' lang='lat' dir='ltr'><strong>nostram</strong></span> <span class='ocrx_word' id='word_1_252' title='bbox 1254 4249 1685 4322; x_wconf 89' lang='lat' dir='ltr'><strong>Academiam</strong></span> <span class='ocrx_word' id='word_1_253' title='bbox 1738 4251 2084 4348; x_wconf 85' lang='lat' dir='ltr'><strong>professor</strong></span> <span class='ocrx_word' id='word_1_254' title='bbox 2136 4248 2504 4324; x_wconf 86' lang='lat' dir='ltr'><strong>ordinarius</strong></span> <span class='ocrx_word' id='word_1_255' title='bbox 2557 4249 2892 4325; x_wconf 85' lang='lat' dir='ltr'><strong>historiae.</strong></span> 
     </span>
    </p>
   </div>
   <div class='ocr_carea' id='block_1_9' title="bbox 907 4390 4211 4774">
    <p class='ocr_par' dir='ltr' id='par_1_9' title="bbox 907 4390 4211 4774">
     <span class='ocr_line' id='line_1_29' title="bbox 1111 4390 4206 4510; baseline -0.003 -33"><span class='ocrx_word' id='word_1_256' title='bbox 1111 4406 1185 4477; x_wconf 87' lang='lat' dir='ltr'><strong>In</strong></span> <span class='ocrx_word' id='word_1_257' title='bbox 1240 4403 1640 4510; x_wconf 80' lang='lat' dir='ltr'><strong>dignitatem·</strong></span> <span class='ocrx_word' id='word_1_258' title='bbox 1669 4404 2125 4503; x_wconf 84' lang='lat' dir='ltr'><strong>professorum</strong></span> <span class='ocrx_word' id='word_1_259' title='bbox 2179 4403 2857 4479; x_wconf 81' lang='lat' dir='ltr'><strong>extraordinariorum</strong></span> <span class='ocrx_word' id='word_1_260' title='bbox 2928 4390 3391 4498; x_wconf 69' lang='lat' dir='ltr'><strong>ascenderunt,</strong></span> <span class='ocrx_word' id='word_1_261' title='bbox 3456 4410 3564 4502; x_wconf 90' lang='lat' dir='ltr'><strong>qui</strong></span> <span class='ocrx_word' id='word_1_262' title='bbox 3636 4414 3831 4477; x_wconf 88' lang='lat' dir='ltr'><strong>antea</strong></span> <span class='ocrx_word' id='word_1_263' title='bbox 3899 4402 4206 4498; x_wconf 84' lang='lat' dir='ltr'><strong>privatim</strong></span> 
     </span>
     <span class='ocr_line' id='line_1_30' title="bbox 908 4539 4211 4634; baseline -0 -23"><span class='ocrx_word' id='word_1_264' title='bbox 908 4539 1314 4632; x_wconf 85' lang='lat' dir='ltr'><strong>docuerant,</strong></span> <span class='ocrx_word' id='word_1_265' title='bbox 1380 4540 1705 4616; x_wconf 87' lang='lat' dir='ltr'><strong>Henricus</strong></span> <span class='ocrx_word' id='word_1_266' title='bbox 1757 4542 2283 4616; x_wconf 80' lang='lat' dir='ltr'><strong>Holtzmann</strong></span> <span class='ocrx_word' id='word_1_267' title='bbox 2354 4551 2423 4615; x_wconf 85' lang='lat' dir='ltr'><strong>et</strong></span> <span class='ocrx_word' id='word_1_268' title='bbox 2488 4541 2835 4618; x_wconf 88' lang='lat' dir='ltr'><strong>Eduardus</strong></span> <span class='ocrx_word' id='word_1_269' title='bbox 2905 4541 3209 4618; x_wconf 88' lang='lat' dir='ltr'><strong>Riehm</strong></span> <span class='ocrx_word' id='word_1_270' title='bbox 3277 4548 3345 4617; x_wconf 89' lang='lat' dir='ltr'><strong>in</strong></span> <span class='ocrx_word' id='word_1_271' title='bbox 3416 4542 3651 4618; x_wconf 89' lang='lat' dir='ltr'><strong>ordine</strong></span> <span class='ocrx_word' id='word_1_272' title='bbox 3723 4540 4211 4634; x_wconf 81' lang='lat' dir='ltr'><strong>theologorum,</strong></span> 
     </span>
     <span class='ocr_line' id='line_1_31' title="bbox 907 4671 2238 4774; baseline 0.006 -30"><span class='ocrx_word' id='word_1_273' title='bbox 907 4671 1225 4748; x_wconf 84' lang='lat' dir='ltr'><strong>Garius</strong></span> <span class='ocrx_word' id='word_1_274' title='bbox 1277 4679 1345 4749; x_wconf 91' lang='lat' dir='ltr'><strong>in</strong></span> <span class='ocrx_word' id='word_1_275' title='bbox 1398 4676 1627 4751; x_wconf 89' lang='lat' dir='ltr'><strong>ordine</strong></span> <span class='ocrx_word' id='word_1_276' title='bbox 1680 4679 2238 4774; x_wconf 84' lang='lat' dir='ltr'><strong>philosophorum.</strong></span> 
     </span>
    </p>
   </div>
   <div class='ocr_carea' id='block_1_10' title="bbox 4763 887 4767 1825">
    <p class='ocr_par' dir='ltr' id='par_1_10' title="bbox 4763 887 4767 1825">
     <span class='ocr_line' id='line_1_32' title="bbox 4763 887 4767 1825; baseline 0 0"><span class='ocrx_word' id='word_1_277' title='bbox 4763 887 4767 1825; x_wconf 95' lang='lat' dir='ltr'><strong> </strong></span> 
     </span>
    </p>
   </div>
   <div class='ocr_carea' id='block_1_11' title="bbox 4762 3985 4767 5392">
    <p class='ocr_par' dir='ltr' id='par_1_11' title="bbox 4762 3985 4767 5392">
     <span class='ocr_line' id='line_1_33' title="bbox 4762 3985 4767 5392; baseline 0 0"><span class='ocrx_word' id='word_1_278' title='bbox 4762 3985 4767 5392; x_wconf 95' lang='lat' dir='ltr'><strong> </strong></span> 
     </span>
    </p>
   </div>
   <div class='ocr_carea' id='block_1_12' title="bbox 4760 3985 4769 5893">
    <p class='ocr_par' dir='ltr' id='par_1_12' title="bbox 4760 3985 4769 5893">
     <span class='ocr_line' id='line_1_34' title="bbox 4760 3985 4769 5893; baseline 0 0"><span class='ocrx_word' id='word_1_279' title='bbox 4760 3985 4769 5893; x_wconf 95' lang='lat' dir='ltr'><strong> </strong></span> 
     </span>
    </p>
   </div>
  </div>
 </body>
</html>
