4782 6002
1091 272 1267 349 loco
1333 270 1407 346 b.
1478 268 1533 343 f.
1610 271 2031 368 possessori
2103 288 2395 368 semper
2457 270 2589 365 jus
2654 263 3268 341 detrahendarum
3341 269 3828 367 impensarum
3904 273 4375 366 conceditur,

1092 414 1313 487 etiam
1382 431 1466 485 re
1534 430 1681 482 non
1750 407 2060 507 amplius
2131 413 2520 498 exstante3
2591 405 2784 480 mala
2838 403 2960 479 fid.
3029 428 3427 504 possessor
3486 406 3888 483 seeundum
3947 408 4094 485 hoe
4167 410 4377 512 frag-

1091 556 1403 624 mentum
1466 542 1959 621 tantummodo
2012 543 2388 625 deducere
2439 552 2732 644 potest,
2804 551 3072 640 quanto
3137 566 3259 618 res
3319 548 3482 642 ipsa
3530 546 3914 622 meliorata
3965 558 4105 623 est.
4206 551 4374 629 Jam

1089 690 1354 766 Fusa
1419 686 1615 763 hunc
1675 688 1917 763 locum
1984 688 2122 761 toti
2172 683 2270 762 de
2329 689 2672 785 impensis
2724 666 3106 759 doctrinae
3157 682 3666 760 adversarium
3718 710 3890 763 esse
3958 699 4207 787 putat3
4301 696 4375 765 in

1086 833 1353 906 ration.
1404 826 1503 903 ad
1561 825 1755 904 hunc
1800 827 2040 902 locum
2089 826 2282 902 haec
2326 824 2665 927 profert:
2749 833 2929 917 „est
2976 826 3201 921 igitur
3250 822 3401 899 loci
3466 824 3691 923 hujus
3762 831 4130 902 sententia
4201 852 4375 927 per-

1086 965 1442 1058 absurda‚
1508 969 1675 1041 sive
1725 967 2062 1064 imperito
2113 964 2334 1039 alicui
2382 964 2771 1063 interpreti
2824 961 3146 1037 tribuere
3212 983 3373 1037 eam
3421 962 3618 1039 velis
3640 1016 3662 1055 ‚
3732 966 3899 1040 sive
3967 964 4164 1062 quod
4223 991 4375 1041 ma·-

1086 1109 1205 1206 gis
1288 1103 1699 1181 credideris
1785 1102 2284 1178 Tribonianae
2345 1101 3024 1202 jurisprudentiae,
3115 1104 3234 1178 cui
3307 1102 3665 1179 familiare
3737 1113 3900 1184 est.
3999 1114 4081 1181 ut
4172 1130 4372 1183 com-

1087 1248 1515 1347 parationes
1562 1247 1746 1317 istas
1797 1250 1876 1318 et
1922 1241 2436 1318 similitudines
2485 1245 2870 1339 conquirat
2936 1264 3041 1316 ex
3106 1244 3236 1333 iis,
3307 1264 3495 1339 quae
3562 1242 3796 1318 simile
3861 1242 4037 1318 nihil
4090 1248 4374 1319 omnino

1085 1384 1490 1461 habeant.“
1616 1381 1950 1461 smum
2003 1380 2293 1480 quidem
2341 1384 2416 1456 in
2467 1381 3012 1458 hermenentiea
3052 1385 3246 1481 juris
3296 1379 3487 1458 haec
3535 1381 3631 1457 de
3681 1380 3986 1459 Fabero
4039 1382 4372 1482 profert:

1085 1526 1451 1622 „saepius
1502 1545 1714 1619 quam
1761 1546 1899 1621 par
1946 1529 2068 1597 est
2115 1519 2458 1597 emendat
2506 1519 2925 1619 (Faberus)
2943 1576 2967 1615 ‚
3043 1522 3253 1621 fingit
3313 1526 3478 1599 sine
3541 1527 3750 1622 justa
3819 1546 4050 1599 causa
4100 1524 4376 1603 emble·

1084 1671 1280 1739 mata
1329 1662 1806 1754 Tribonum,
1887 1666 2175 1760 quoties
2228 1665 2304 1736 in
2354 1664 2714 1760 angustiis
2778 1670 3143 1738 versatur.
3164 1666 3212 1706 ‘⁶
3309 1661 3560 1738 Nobis
3620 1660 3764 1738 hac
3825 1666 4116 1738 ratione
4163 1646 4392 1761 frag-⁹

1084 1808 1397 1877 mentum
1468 1824 1698 1901 supra
1762 1809 2229 1899 memoratum
2299 1801 2528 1878 facile
2596 1803 2964 1901 explicari
3041 1823 3270 1901 posse
3332 1799 3675 1894 videtur,
3753 1806 3822 1876 si
3879 1802 4097 1879 modo
4159 1803 4374 1879 Pauli
4419 1899 4424 1903 .

1085 1938 1327 2017 verba
1383 1938 1482 2015 ad
1557 1935 2045 2015 hereditatem
2111 1946 2386 2016 tantum
2448 1939 2813 2015 trahenda
2883 1961 3054 2016 esse
3122 1948 3478 2041 putamus.
3629 1938 3856 2029 Quam
3938 1946 4375 2018 sententiam

1082 2085 1276 2157 ratio
1355 2084 1613 2179 gravis
1639 2134 1660 2175 ‚
1744 2104 1932 2179 quae
1989 2084 2064 2155 in
2126 2103 2370 2156 rerum
2426 2081 2869 2179 singularum
2932 2085 3407 2181 possessione
3474 2081 3804 2158 adhiberi
3859 2085 4152 2179 nequit,
4241 2084 4375 2159 vel

1084 2223 1397 2296 maxime
1442 2219 1797 2321 adjuvan
1847 2219 2005 2296 illic
2056 2224 2246 2298 enim
2294 2243 2696 2321 possessor
2736 2219 3300 2321 postulationem
3342 2227 3619 2296 tantum
3657 2218 3922 2311 habet,
3972 2219 4247 2295 utiliter
4299 2223 4374 2295 ei

1083 2381 1528 2452 mansuram,
1601 2358 1724 2435 hic
1773 2364 2256 2436 retentionem
2305 2366 2582 2435 tantum
2601 2413 2624 2452 ‚
2699 2367 2826 2435 aut
2876 2362 3391 2458 exceptionem
3410 2412 3431 2452 ‚
3506 2378 3697 2457 quae
3760 2361 3827 2432 si
3893 2381 4020 2435 res
4087 2359 4375 2456 singula

1086 2498 1429 2597 perierit,
1494 2499 1708 2572 simul
1772 2498 2061 2597 peribit.
2181 2497 2376 2573 Illud
2432 2521 2722 2596 quoque
2775 2496 3166 2574 tenendum
3213 2506 3370 2590 est,
3435 2495 3977 2573 fundamentum
4002 2550 4022 2586 ‚
4104 2499 4177 2570 in
4230 2519 4372 2595 quo

1086 2646 1246 2712 tota
1292 2637 1391 2712 de
1440 2640 1788 2737 impensis
1839 2636 2180 2715 doctrina
2226 2640 2476 2736 posita
2524 2645 2685 2729 est,
2761 2643 2836 2714 in
2884 2638 3343 2732 hereditate,
3415 2642 3586 2738 quia
3632 2637 4019 2715 hereditas
4070 2641 4371 2717 univer-

1085 2780 1269 2855 sitas
1320 2785 1476 2868 est,
1527 2776 1840 2870 durare,
1890 2781 1967 2852 in
2015 2801 2099 2855 re
2149 2778 2506 2877 singulari
2558 2778 2768 2854 simul
2818 2802 2978 2855 cum
3027 2802 3113 2855 re
3161 2782 3328 2880 ipsa
3377 2801 3716 2871 cessare3
3769 2785 3930 2855 tota
3977 2781 4173 2854 enim
4213 2780 4373 2871 unj—

1085 2919 1412 3024 versitas
1459 2918 1808 3020 impensis
1857 2922 1935 2997 in
1982 2943 2195 2996 unam
2246 2944 2402 2998 rem
2454 2919 2675 2997 factis
2733 2921 3217 3021 locupletata.
3235 2928 3370 2997 ea
3387 2975 3412 3017 ‚
3486 2918 3807 3019 ideoque
3873 2928 4177 2997 eatenus
4243 2922 4374 2994 im·

1085 3083 1366 3162 pensae
1416 3062 1921 3139 restituendae
1970 3071 2186 3156 snnt3
2255 3065 2331 3139 in
2396 3088 2482 3141 re
2541 3061 2898 3163 singulari
2963 3068 3212 3173 autem>
3271 3065 3513 3138 omnia
3575 3060 3768 3138 haec
3831 3060 4051 3137 aliter
4099 3082 4184 3135 se
4232 3058 4372 3162 ha-

1085 3203 1262 3279 bent
1304 3202 1428 3296 1ἵ).
1530 3204 1827 3282 Ideirco
1876 3209 2092 3281 etiam
2142 3209 2217 3280 in
2268 3179 2686 3283 hereditate
2737 3229 2872 3304 par
2922 3210 3039 3279 est
3086 3200 3410 3280 conditio
3463 3206 3917 3304 possessoris
3970 3210 4048 3275 et
4091 3202 4373 3299 petito-

1085 3347 1236 3434 ris,
1288 3365 1687 3442 possessor
1736 3350 1962 3439 enim,
2019 3350 2349 3445 quamvis
2400 3351 2498 3422 sit
2547 3348 2617 3423 b.
2670 3349 2723 3422 f.
2775 3365 3209 3442 possessor,
3262 3341 3552 3418 fructus
3590 3345 3744 3442 jam
3785 3348 4188 3439 perceptos
4243 3361 4374 3415 re-

1085 3482 1399 3558 stituere
1445 3478 1691 3556 debet.
1791 3482 1926 3558 Fr.
1982 3488 2096 3560 20.
2148 3494 2221 3574 s.
2272 3490 2345 3561 3.
2408 3490 2520 3562 12.
2574 3485 2671 3563 de
2721 3484 2879 3562 her.
2930 3494 3083 3587 pet.
3136 3487 3271 3579 (ὅ,
3323 3489 3440 3577 3).
3563 3485 3751 3586 Furi
3800 3491 4044 3561 autem
4074 3463 4373 3583 ‚impen-

1084 3643 1217 3697 sae
1255 3645 1614 3720 nunquam
1656 3626 2136 3699 restituuntur
2150 3679 2172 3718 ,
2217 3627 2421 3701 multi
2465 3627 2788 3726 quidem,
2831 3629 3124 3727 legibus
3162 3631 3549 3728 expressis
3591 3626 4056 3706 obstantibus
4075 3679 4097 3720 ‚
4143 3625 4372 3703 furem

1084 3762 1161 3838 in
1206 3763 1555 3879 inpensis
1601 3765 2045 3839 necessariis
2096 3762 2355 3840 eadem
2395 3764 2613 3841 modo
2632 3821 2654 3860 ,
2707 3791 2854 3866 qno
2899 3793 2988 3843 m.
3040 3769 3094 3843 f.
3146 3791 3652 3870 possessorem
3697 3766 4161 3844 tractandum
4199 3785 4372 3842 esoe

1082 3923 1445 3978 censuere
1491 3901 1614 3995 15).
1728 3897 1853 3979 cf.
1903 3901 1998 3978 fr.
2043 3904 2136 3978 13
2205 3902 2302 3980 de
2352 3902 2570 3981 cond.
2621 3903 2796 3982 furt.
2864 3910 3039 4001 (13,
3090 3911 3197 3999 1).
3316 3904 3577 3987 Const.
3631 3909 3666 3980 1
3727 3901 3921 3982 cod.
3971 3903 4069 3981 de
4120 3901 4373 3979 infant.

1086 4062 1347 4140 expos.
1398 4044 1525 4137 (8,
1575 4044 1737 4135 52).

1165 4370 1285 4448 1²)
1328 4369 1548 4450 &0⁰0⁶
1591 4389 1825 4450 quoque
1864 4363 1965 4454 (in
2004 4377 2488 4439 Ραιι1.1ἰΒ.ΧΧ
2529 4378 2607 4437 ad
2649 4377 2827 4439 edict.
2882 4381 2961 4440 ad
3000 4382 3043 4440 l.
3083 4379 3223 4461 38.)
3278 4380 3465 4456 hujus
3520 4377 3855 4456 fragmenti
3912 4375 4232 4441 discrimen
4290 4376 4367 4433 de

1330 4477 1390 4537 Β.
1433 4481 1496 4535 et
1536 4493 1613 4536 m.
1650 4482 1698 4538 f.
1740 4497 1906 4556 poss.
1949 4484 2026 4541 ad
2065 4484 2453 4545 hereditatem
2493 4489 2726 4546 tantum
2766 4491 3045 4561 spectare
3085 4486 3409 4550 existimat.

1169 4602 1288 4680 13)
1328 4604 1692 4684 Harpa-eche
1729 4611 1808 4670 ad
1848 4608 1913 4691 §-
1954 4612 2035 4672 81
2079 4617 2137 4673 3.
2181 4616 2258 4675 de
2298 4621 2416 4676 aot.
2462 4618 2579 4678 No.
2607 4617 2690 4677 23
2718 4600 2830 4678 cet.
2876 4618 3096 4691 &vac-
3123 4583 3204 4680 ad
3228 4618 3401 4681 Paul.
3426 4617 3540 4710 Ed·
3551 4616 3700 4680 uh.
3731 4617 3894 4680 m,
3927 4615 4114 4678 odfr-
4139 4611 4367 4714 ΒΑΜ·
