4782 6002
751 556 884 632 16

748 761 823 829 et
871 751 967 828 ad
1038 748 1445 851 exemplum
1508 744 1865 848 quoddam
1931 742 2282 820 scientiae
2352 742 2697 820 excultae
2770 739 3200 820 referendus
3245 742 3381 837 sit,
3451 762 3741 845 semper
3785 741 3884 821 ad
3931 744 4180 826 fontes

750 892 1240 967 Romanorum
1276 892 1419 994 jam
1468 895 1545 963 ut
1582 885 1783 962 Galli
1823 891 2048 961 artem
2092 891 2167 962 et
2210 881 2618 961 methodum
2672 883 2856 987 juris
2892 888 3385 981 cognoscant,
3427 905 3550 958 res
3599 885 3762 984 ipsa
3811 885 4169 965 trahenda

751 1041 903 1129 est,
958 1041 1037 1108 et
1087 1031 1482 1132 praecipue
1507 1027 1850 1126 ‘Digesta
1895 1024 2245 1102 historica
2293 1025 2582 1100 ratione
2627 1021 2825 1125 apud
2873 1022 3141 1099 Gallos
3187 1022 3635 1126 explicanda
3681 1033 3870 1108 sunt.

955 1170 1120 1260 Quo
1175 1167 1393 1245 modo
1447 1168 1589 1271 jam
1648 1166 1915 1243 factum
1964 1171 2120 1259 est,
2180 1173 2261 1241 ut
2311 1163 2880 1268 jurisprudentia
2933 1164 3224 1243 Gallica
3277 1166 3647 1244 meliorem
3699 1189 3788 1245 se
3831 1167 4176 1247 exhibeat

754 1313 1023 1386 nostris
1072 1309 1546 1410 temporibus,
1593 1332 1800 1406 quam
1841 1315 2208 1408 tempore,
2261 1328 2405 1407 quo
2465 1304 2714 1382 codex
2751 1305 3142 1383 ferebatur.
3248 1305 3605 1383 Excessit
3647 1328 3749 1383 ex
3791 1309 3959 1412 jure
3989 1308 4180 1385 Gal-

753 1451 910 1529 lico
961 1417 1251 1526 indoles
1297 1449 1663 1542 militaris,
1725 1470 1872 1525 non
1930 1448 2232 1549 amplius
2304 1446 2682 1549 proferunt
2739 1444 3274 1551 philosophiam
3336 1449 3732 1544 socialem,
3798 1475 3846 1525 a
3904 1453 4178 1527 nostris

755 1590 1207 1667 Doctoribus
1260 1589 1443 1694 juris
1498 1588 1771 1691 publici
1833 1597 1911 1664 et
1967 1587 2358 1665 criminalis
2406 1595 2787 1691 tantopere
2840 1587 3249 1682 defensam3
3315 1591 3458 1666 Dei
3521 1591 3762 1667 cultus
3815 1595 4178 1694 propriam

755 1732 1217 1838 recuperavit
1275 1733 1768 1829 integramque
1818 1731 1968 1805 vim
2019 1737 2093 1805 et
2141 1731 2684 1826 auctoritatem,
2751 1728 3064 1847 denique
3116 1753 3374 1808 omnes
3419 1730 3604 1811 JCti
3647 1731 3920 1810 Gallici
3959 1733 4198 1835 prae-'

763 1876 1008 1950 sertim
1058 1870 1441 1973 praesides
1491 1879 1567 1947 et
1606 1877 2120 1972 procuratores
2162 1869 2591 1975 judiciorum
2650 1873 2917 1948 acriter
2966 1869 3583 1976 adnitunturfut,
3652 1871 3849 1973 quod
3897 1874 3973 1949 in
4021 1873 4182 1978 jure

760 2011 1195 2115 applicando
1251 2013 1538 2086 maximi
1593 2014 1931 2088 momenti
1970 2019 2122 2106 est,
2192 2014 2548 2113 principia
2586 2014 2850 2113 ubique
2893 2011 3342 2091 dominentur
3394 2039 3686 2090 summa.

962 2158 1047 2248 2>
1100 2151 1303 2227 Galli
1345 2154 1482 2253 ipsi
1531 2158 1779 2230 carent
1835 2149 2277 2228 literatorum
2323 2154 2578 2254 copia,
2651 2176 2836 2254 quae
2881 2177 3029 2231 non
3081 2157 3310 2231 minus
3356 2153 3812 2233 desideratur
3863 2156 3939 2230 in
3982 2150 4181 2258 judi-

772 2295 907 2369 ciis
961 2292 1454 2387 Germanicis,
1514 2290 1632 2367 ubi
1696 2293 1816 2398 jus
1866 2290 2088 2368 civile
2135 2291 2496 2370 Gallicum
2547 2295 2782 2384 floret,
4087 2345 4100 2358 -
4179 2313 4188 2322 ’

965 2433 1055 2511 Si
1116 2443 1353 2512 autem
1406 2436 1481 2509 in
1532 2433 1852 2539 judicum
1909 2434 2238 2533 collegio
2294 2433 2425 2510 vel
2483 2432 2769 2511 Senatu
2823 2459 3011 2511 unus
3059 2442 3330 2511 tantum
3387 2435 3714 2510 literatus
3760 2435 4183 2511 sententiam

765 2574 1075 2665 diceret,
1133 2578 1369 2653 omnia
1416 2576 1988 2676 respicerentur,
2042 2595 2230 2671 quae
2276 2596 2377 2652 ex
2418 2575 2581 2679 jure
2612 2577 2979 2670 Romano,
3031 2599 3133 2652 ex
3171 2573 3812 2652 consuetudinibus
3843 2573 4184 2652 Franco-

771 2714 1084 2792 Gallicis
1145 2723 1220 2792 et
1265 2716 1718 2794 Germanicis
1779 2718 2173 2817 praecipue
2243 2713 2712 2820 dijudicanda
2773 2723 2850 2794 et
2901 2716 3107 2815 quasi
3181 2716 3426 2794 fontes
3473 2722 3641 2792 sunt
3709 2715 3891 2819 juris
3941 2713 4185 2792 subsi-

768 2853 977 2933 diarii
1034 2857 1327 2956 legibus
1381 2867 1458 2934 et
1494 2856 1813 2932 moribus
1864 2880 2070 2956 quam
2121 2858 2460 2957 proximi.

961 2998 1049 3075 ln
1092 2995 1241 3074 hoc
1260 2997 1751 3074 Nmmoms
1804 3019 2073 3099 opere,
2111 2981 2189 3072 in
2239 3022 2382 3097 quo
2435 2996 2878 3075 instituendo
2928 3005 3004 3075 et
3034 2983 3485 3100 perficiendo
3531 3018 3678 3074 non
3723 3005 3865 3074 tam
3905 2997 4186 3075 laboris

770 3163 973 3238 quam
1018 3137 1320 3214 honoris
1359 3138 1524 3213 laus
1570 3139 1902 3236 quaesita
1956 3146 2123 3233 est,
2171 3163 2420 3239 parum
2454 3137 2867 3214 subtilitatis
2921 3146 3001 3214 et
3047 3148 3437 3223 accuratae
3484 3161 3717 3216 rerum
3771 3141 4186 3238 investiga-

769 3282 995 3359 tionis
1049 3282 1261 3356 inest.
1341 3279 1870 3357 Nnonnonm
1931 3301 2117 3356 vero
2194 3281 2268 3355 in
2331 3281 2487 3356 suis
2563 3278 2873 3379 singulis
2928 3280 3307 3357 sententiis
3387 3277 3484 3355 de
3558 3279 3726 3384 jure
3791 3279 3963 3355 latis
4039 3278 4186 3354 ho-

771 3422 1025 3495 minem
1070 3414 1797 3521 intelligentissimnm
1858 3427 1939 3498 et
2000 3422 2586 3522 sagacissimum,
2653 3445 3062 3523 quamquam
3109 3420 3315 3499 nullo
3363 3418 3584 3498 modo
3637 3418 3909 3498 Jctmn
3957 3419 4191 3497 fahe

776 3582 1171 3639 censemus.
