4782 6002
451 630 646 701 nom
676 627 1030 697 absolutus
1075 629 1218 710 est,
1266 623 1364 692 its
1418 630 1687 713 umen,
1754 632 1865 714 ut,
1910 624 1995 712 Q.
2038 626 2377 698 Cicerone
2434 638 2609 702 teste
2650 633 2790 719 (de
2820 645 2961 728 pet.
2998 637 3271 711 Consul.
3301 639 3582 731 ms),
3630 647 3783 740 ipse
3886 663 3893 670 ·

454 772 616 829 tam.
642 779 851 851 egens
887 780 928 825 e
949 754 1232 849 judicio
1271 753 1700 842 discederet,
1749 777 1954 867 quam
1997 757 2281 846 quidam
2313 757 2595 850 judices
2631 762 2784 855 ejus
2833 775 2991 837 ante
3039 769 3217 837 illud
3243 743 3597 864 judicium
3617 776 3793 845 fuis-

453 897 604 960 seat
654 886 797 973 (ef.
849 894 920 954 et
973 882 1247 953 Sallust.
1295 881 1498 953 Catil.
1546 905 1607 952 c.
1639 882 1773 966 183
1841 885 1984 987 Cic.
2039 909 2172 976 pro
2207 887 2446 959 Caelio
2489 911 2549 959 c.
2588 892 2679 973 43
2729 895 2981 964 Ascon.
3010 895 3291 968 Pedian.
3332 902 3422 969 ad
3460 901 3654 975 Orat.
3708 908 3777 976 in

453 1028 620 1111 toga
650 1014 918 1100 cand.);
969 1013 1340 1102 Clodiique
1367 1011 1720 1103 judicium
1761 1013 1939 1081 illud
1967 1025 2224 1085 emtum
2251 1028 2945 1113 corumpi-utumque,
2985 1039 3063 1095 ut
3079 1026 3182 1096 M.
3206 1029 3454 1101 Cicero
3476 1037 3780 1125 appellat

451 1149 678 1239 Epist.
725 1145 815 1213 ad
862 1146 1001 1212 Att.
1055 1142 1109 1211 Ι.
1161 1142 1298 1228 18,
1347 1142 1432 1229 3,
1498 1166 1710 1231 quum
1774 1192 1818 1231 „
1835 1145 2167 1213 maculosi
2212 1157 2593 1236 senatores,
2644 1154 2808 1221 nudi
2844 1157 3151 1243 equites,
3181 1159 3578 1251 tribunique
3610 1186 3774 1237 vere

456 1269 704 1346 aerarii
720 1271 755 1297 ’⁹
803 1272 1016 1359 (ibid.
1062 1269 1174 1341 16.
1207 1270 1300 1356 2)
1338 1272 1407 1341 in
1439 1273 1671 1342 medio
1712 1274 1862 1344 sole
1901 1298 2035 1346 non
2069 1278 2303 1346 lucere
2322 1279 2771 1371 judicarunt3
2820 1287 2941 1373 qui
2974 1308 3187 1376 quum
3225 1301 3419 1358 autea
3462 1294 3775 1364 simulata

456 1401 1103 1497 severitatis'specie
1140 1406 1563 1497 praesidium
1594 1405 1731 1474 sibi
1760 1409 2080 1477 constitui
2113 1431 2153 1512 a
2185 1407 2435 1477 Senatu
2470 1413 2958 1504 postulaaeent,
3007 1416 3233 1487 facete
3255 1419 3571 1493 Catulus:
3621 1446 3773 1513 „an,·

458 1540 710 1628 inquit,
760 1560 846 1605 ne
893 1535 1079 1605 numi
1109 1535 1307 1604 vobis
1353 1535 1820 1626 eriperentur,
1868 1533 2316 1606 timebatis3'’

649 1664 945 1735 Comitia
1002 1663 1316 1734 creandis
1371 1665 1887 1756 magistratibus
1950 1666 2225 1755 quando
2285 1690 2366 1737 ea
2424 1668 2571 1738 lues
2629 1671 2956 1742 invaserit
2977 1723 2997 1760 ,
3069 1697 3205 1745 nou
3254 1680 3419 1748 satis
3473 1661 3768 1764 constan

447 1818 611 1865 sero
674 1804 930 1863 tantum
973 1767 1466 1886 paullatimque
1511 1795 1879 1863 invaluisse
1942 1803 2181 1863 auctor
2219 1803 2324 1863 est
2361 1796 2776 1869 Plutarchus
2815 1803 2884 1869 in
2924 1803 3007 1870 V.
3045 1802 3298 1873 Coriol.
3336 1829 3397 1876 c.
3432 1808 3567 1893 14,
3615 1812 3770 1881 loco

353 1972 360 1977 -
455 1927 624 1995 satis
672 1926 989 1994 notabili:
1058 1929 1196 2019 ὀψὲ
1231 1927 1372 2024 γὰρ
1411 1928 1605 2019 μετὰ
1657 1928 1903 1998 πολὺν
1954 1925 2232 2023 χρόνον
2276 1929 2419 2012 ὠνὴ
2463 1929 2588 2001 καὶ
2636 1938 2915 2031 πρᾶσις
2972 1938 3362 2021 ἑπειςῆλὲε
3416 1934 3549 2009 καί
3601 1963 3770 2012 συν-

415 2069 420 2072 ’
453 2052 664 2151 euim
686 2062 858 2136 ταῖς
884 2059 1540 2140 ἐκκλησιαστικαῖς
1574 2059 1860 2162 ψήφοις
1893 2056 2249 2153 ἀργύριον
2291 2093 2390 2107 -
2415 2093 2517 2107 -
2565 2058 2924 2160 φαίνεται
2976 2033 3061 2132 δὲ’
3098 2068 3356 2168 κρύφα
3394 2067 3522 2137 καὶ
3567 2070 3769 2140 κατὰ

453 2188 724 2287 μικρὸν
779 2190 1149 2291 ὖποῤῥέον
1207 2193 1344 2260 οὐκ
1394 2188 1622 2269 εὐθὺς
1663 2192 1741 2259 ἐν
1793 2184 2019 2281 Ῥώμῃ
2070 2180 2385 2269 ἔκδηλον
2454 2192 2815 2281 γενέσθαι
2851 2190 2946 2260 τὸ
2997 2188 3251 2272 κακόν.
3342 2192 3769 2282 Quamquam

449 2315 646 2405 prius
674 2338 876 2405 quam
923 2318 1073 2408 ipsa
1092 2316 1368 2407 judicia
1396 2314 1726 2408 suffragia
1755 2315 1997 2406 populi
2023 2316 2446 2408 corruptioni
2478 2317 2770 2387 obnoxia
2803 2321 3016 2390 fuisse
3036 2343 3170 2411 pro
3204 2333 3396 2392 certo
3426 2325 3768 2396 affirmare

446 2446 647 2529 licet3
684 2449 862 2517 sicut
877 2449 1166 2518 Athenis
1188 2469 1472 2537 *quoque
1503 2446 1720 2530 multo
1750 2447 2026 2515 demum
2045 2456 2407 2538 postquam
2442 2449 2686 2539 plebes
2711 2450 3077 2540 largitione
3109 2454 3461 2543 corrumpi
3493 2457 3766 2545 coepis-

447 2585 597 2663 set,
661 2576 776 2643 01.
804 2576 1025 2643 XCII.
1061 2578 1109 2642 4
1170 2578 1468 2686 primyn
1506 2576 1830 2667 judicum
1887 2578 2345 2666 corruptionis
2401 2579 2790 2668 exemplum
2841 2581 2909 2646 in
2960 2580 3173 2669 Anyti
3242 2583 3446 2650 causa
3506 2585 3765 2653 exstitit

449 2704 786 2792 (Diodor.
829 2704 969 2773 Sic.
1009 2704 1200 2775 XIII.
1234 2704 1397 2792 64).
1493 2707 1588 2774 Et
1613 2706 1722 2776 de
1756 2707 2016 2775 ambitu
2045 2706 2326 2795 quidem
2359 2707 2511 2799 jam
2553 2729 2724 2776 anno
2758 2710 2846 2779 ab
2891 2709 2979 2779 U.
3004 2710 3083 2779 C.
3111 2709 3261 2781 398
3313 2714 3450 2780 lata
3511 2723 3614 2782 est
3651 2715 3763 2782 lex

445 2834 798 2917 Poetelia3
873 2857 1052 2925 quae
1104 2844 1325 2905 tamen
1403 2859 1567 2904 num
1629 2837 2061 2930 largitionem
2145 2859 2423 2928 quoque
2482 2838 2817 2907 honorum
2880 2825 3488 2929 adipiscendorum
3556 2843 3761 2914 causa

351 3034 358 3045 ,
447 2964 702 3035 factam
735 2939 1179 3058 spectauerit,
1228 2968 1657 3060 ignoramu83
1714 2989 2043 3037 novorum
2080 2975 2344 3036 tantum
2400 2966 2758 3037 hominum
2806 2967 3197 3056 ambitioni,
3266 2969 3388 3060 qui
3431 2971 3761 3041 nundinas

447 3108 523 3169 et
573 3099 1019 3169 conciliabula
1070 3101 1268 3168 adire
1318 3100 1647 3186 solerent,
1702 3099 2182 3191 reprimendae
2234 3101 2441 3168 latam
2495 3099 2707 3168 tradit
2743 3097 2981 3169 Livius
3025 3100 3184 3171 vn.
3220 3096 3335 3166 15.
3430 3100 3759 3169 Baebium

447 3229 816 3298 Aemiliam
855 3222 1173 3313 demum,
1202 3253 1377 3321 quae
1411 3253 1468 3298 a.
1488 3228 1632 3298 571
1679 3230 1814 3297 lata
1857 3239 1960 3297 est
1994 3230 2198 3319 (Liv.
2229 3229 2374 3296 XL.
2403 3228 2551 3307 19)
2588 3230 2681 3295 ad
2710 3231 3182 3318 corruptiones
3215 3251 3489 3318 quoque
3513 3229 3757 3300 suffra-

447 3360 728 3452 giorum
760 3360 1166 3452 pertinuisse
1191 3361 1520 3456 Sigonius
1550 3360 1694 3449 (de
1738 3359 1957 3428 Iudic.
1988 3360 2034 3428 1.
2069 3360 2159 3427 11.
2191 3379 2254 3427 c.
2291 3357 2391 3426 3⁰
2420 3357 2567 3424 sive
2609 3355 2700 3423 de
2742 3365 2873 3428 ant.
2903 3354 3070 3446 jure
3108 3379 3269 3446 pop.
3311 3357 3514 3425 Rom.
3552 3359 3637 3426 Τ.
3668 3358 3759 3443 11,

357 3484 362 3489 ⁴
442 3512 516 3582 p.
553 3488 746 3572 649)
795 3499 867 3560 et
913 3491 1323 3563 Heineccius
1374 3492 1618 3581 (synt.
1656 3491 1932 3580 Antiqu.
1970 3493 2014 3559 l.
2056 3491 2181 3577 IV,
2249 3500 2297 3557 t.
2330 3486 2460 3573 18,
2528 3510 2589 3554 n.
2627 3486 2762 3572 78,
2811 3509 2880 3578 p.
2918 3484 3069 3555 866
3103 3487 3212 3555 ed.
3238 3486 3621 3568 Haubold.)
3675 3510 3760 3554 ex

445 3619 677 3690 Nonio
718 3623 1096 3716 colligunt,
1147 3624 1267 3711 qui
1311 3629 1405 3714 (p.
1425 3618 1573 3690 47⁰
1614 3619 1938 3702 Mercer.)
1990 3640 2074 3686 ex
2112 3589 2191 3685 ea
2217 3616 2498 3686 Catonis
2522 3618 2870 3702 oratioue,
2903 3616 3076 3704 qud,
3111 3640 3198 3685 ne
3238 3616 3359 3684 illa
3396 3616 3511 3684 lex
3553 3616 3757 3700 dero-

294 3762 312 3772 '
445 3759 764 3839 gai-etur,
814 3753 1167 3840 dissuasit,
1215 3752 1392 3822 haec
1428 3752 1646 3820 verba
1681 3752 1885 3818 citat:
1935 3749 2361 3839 „pecuniam
2402 3747 2531 3817 tibi
2586 3742 2986 3840 inlargibo'’.
3071 3748 3397 3838 Sequitur
3436 3747 3757 3817 Cornelia

368 3948 382 3963 ,
450 3876 702 3945 Fulvia
732 3900 792 3945 a.
827 3876 974 3948 594
1005 3883 1139 3948 lata
1171 3880 1573 3971 (Liv.Epit.
1613 3881 1655 3946 l.
1686 3874 2021 3969 XLVII),
2057 3899 2264 3965 quam
2302 3878 2494 3967 quod
2527 3875 2847 3971 Sigonius
2894 3877 3185 3968 primam
3235 3878 3511 3966 capitali
3540 3880 3758 3965 poena

449 4007 752 4076 sanxisse
807 4007 942 4095 ait,
990 4031 1077 4078 ne
1109 4008 1440 4103 suffragia
1492 4010 1695 4079 donis
1751 4033 1837 4081 ac
1889 4011 2178 4102 pecunia
2230 4018 2615 4079 emerentur
2638 4058 2659 4094 ,
2711 4009 3110 4100 conjectura
3156 4017 3416 4119 tantum
3472 4006 3711 4074 nititur
3734 4056 3755 4092 ,

448 4158 674 4227 neque
710 4136 1085 4227 quidquam
1125 4149 1480 4229 praeterea
1524 4139 1616 4206 de
1653 4138 1735 4207 ea
1778 4139 2108 4207 audimus.
2157 4134 2444 4228 Optime
2480 4140 2659 4206 enim
2692 4138 2881 4208 idem
2913 4138 3034 4205 ille
3066 4156 3365 4207 summus
3387 4135 3756 4223 antiquita·
3820 4188 3835 4211 „

447 4273 591 4335 tum
633 4269 876 4359 populi
912 4269 1211 4338 Romani
1243 4279 1476 4339 auctor
1509 4279 1858 4356 statorque
1901 4266 2276 4351 intellexit,
2336 4267 2453 4334 vix
2488 4276 2685 4333 antea
2732 4264 3241 4333 increbrescere
3271 4261 3753 4355 suffragiorum
3902 4344 3918 4359 ·

447 4400 918 4486 corruptiones
953 4385 1256 4490 potuisse
1279 4450 1300 4486 ,
1350 4423 1552 4490 quam
1594 4400 1892 4491 primum
1922 4416 1983 4468 a.
2010 4394 2157 4464 614
2195 4397 2354 4488 lege
2390 4394 2693 4464 Gabinia
2732 4393 3089 4462 tabellaria
3136 4393 3515 4461 institutum
3543 4402 3755 4477 esset,

445 4532 526 4593 ut
565 4527 640 4593 in
690 4532 1202 4621 magistratibus
1231 4531 1545 4602 creandis
1584 4552 1718 4600 nou
1746 4549 1917 4597 voce
1948 4526 2136 4599 cives
2177 4527 2301 4597 sed
2339 4526 2613 4597 tabellis
2643 4531 2991 4594 uterentur
3015 4571 3036 4608 ‚
3086 4523 3261 4590 aliae
3294 4522 3549 4593 deinde
3594 4540 3751 4593 suc-

444 4656 822 4745 cederent,
886 4683 1062 4748 quae
1115 4662 1302 4732 omni
1331 4714 1338 4717 -
1367 4662 1625 4731 ratione
1673 4659 2002 4752 suffragia
2051 4666 2403 4751 tegerent,
2465 4681 2551 4727 ne
2609 4657 2769 4745 quis
2826 4654 3201 4746 inspiceret
3245 4652 3567 4723 tabellam
3592 4702 3612 4738 ,
3668 4676 3752 4722 ne

443 4799 760 4881 rogaret,
824 4812 914 4859 ne
957 4796 1374 4883 appellaret3
1443 4806 1686 4886 pontes
1743 4793 1924 4862 adeo
1962 4793 2120 4890 lege
2163 4790 2395 4860 Maria
2454 4786 2885 4880 angustiores
2933 4784 3099 4854 facti
3154 4766 3373 4853 essent
3420 4781 3613 4874 (Cic.
3662 4782 3749 4850 de

443 4912 676 5011 Legg.
708 4920 832 4991 111.
868 4920 966 4990 16
1006 4931 1078 4993 et
1105 4921 1200 4992 17
1214 4930 1264 5008 ).
1362 4924 1550 5011 Quas
1597 4926 1721 4997 etsi
1757 4928 2075 5022 *populus
2099 4977 2122 5015 ,
2186 4944 2552 5018 oppressus
2602 4904 2952 4993 dominatu
3003 4938 3085 4988 ac
3136 4916 3442 5009 potentia
3484 4917 3749 5009 princi·
3860 5009 3887 5019 ρ
