4782 6002
2268 441 2321 543 ‘5

636 695 837 799 Quod
874 708 968 783 'ad
1020 685 1272 782 sumtus
1326 707 1769 784 necessarios
1792 679 2064 803 attihet,
2118 709 2342 785 debuit
2386 703 2530 804 ja'm
2579 679 2695 784 illo
2748 720 3053 834 tempore
3107 706 3386 786 Carolus
3453 712 3564 787 lv.
3635 683 3936 790 subsidit?

637 823 995 945 impetrare
1045 872 1085 919 a
1098 845 1497 921 Bbh‘emia'e
1546 845 1864 940 stafibu's,
1918 851 2030 942 qui
2046 819 2422 940 dicuntur,
2474 872 2512 921 a
2566 817 2799 943 quibus
2852 847 3001 923 cum
3042 861 3294 926 sumtus
3346 858 3709 958 necessarii
3762 876 3939 926 con-

636 990 810 1061 cessi
881 996 1146 1079 essent,
1219 988 1286 1061 id
1351 988 1612 1106 publice
1662 987 2011 1102 professus
2062 995 2165 1059 est
2230 990 2298 1060 in
2351 965 2556 1060 aurea
2607 985 2783 1061 hulla
2856 991 3114 1085 septimi
3165 988 3417 1085 Aprilis
3472 990 3558 1064 A.
3614 989 3939 1065 millesimi

633 1097 1080 1244 trecentesimi
1153 1097 1645 1220 quadragesimi
1670 1125 1934 1218 octavi,
1987 1148 2116 1220 qua
2140 1097 2279 1197 res
2306 1125 2720 1199 universitati
2771 1097 3190 1200 necessarias
3242 1131 3309 1200 in
3361 1131 3571 1226 ipsam
3595 1152 3673 1203 se
3717 1116 3939 1203 colla-

632 1235 871 1337 turum
898 1255 1055 1337 'esse
1106 1257 1493 1339 declaravit.
1564 1243 1575 1260 '
1614 1269 1619 1278 '

836 1402 1006 1475 Tum
1057 1395 1257 1475 etiam
1309 1395 1393 1474 ea'
1441 1393 1725 1474 imitatus
1778 1410 1919 1492 est,
1972 1421 2142 1497 quae
2197 1400 2281 1472 de
2334 1397 2645 1474 studiosis
2673 1375 3204 1476 Bononiensibus
3255 1399 3636 1477 Fridericus
3687 1408 3936 1501 primus

628 1541 1036 1658 instituerat,
1087 1549 1158 1611 ut
1209 1537 1484 1613 studiosi
1536 1562 1685 1612 cum
1737 1540 1915 1611 omui
1966 1523 2319 1611 securitate
2368 1535 2700 1634 proficisci
2750 1550 3041 1637 possent.
3145 1541 3264 1614 His
3316 1545 3603 1638 peractis
3630 1541 3936 1617 Univer-

628 1679 886 1796 sitatem
936 1645 1349 1770 pragensem
1399 1671 1574 1748 bulla
1626 1674 1863 1748 decimi
1913 1678 2125 1771 quarti
2175 1675 2470 1748 ,Ianuarii
2524 1678 2679 1749 anni
2731 1677 3054 1790 millesimi
3123 1682 3567 1764 trecentesimi
3639 1680 3937 1780 quadra-

634 1815 873 1968 'gesimi
925 1816 1119 1887 noni
1134 1813 1489 1887 Caesar
1517 1813 2054 1888 Germaniae
2106 1813 2543 1888 confirmavit.

788 1921 1136 2048 Denique
1190 1948 1271 2023 ad
1324 1949 1494 2024 hanc
1544 1950 2061 2026 Universitatem
2101 1950 2350 2025 idcirco
2408 1951 2597 2026 nohis
2623 1954 2860 2026 iterum
2906 1953 3382 2027 recurrendum
3434 1965 3574 2047 est,
3627 1959 3936 2049 quoniam

629 2089 771 2162 hic
785 2089 1075 2164 instituta
1129 2089 1347 2163 medio
1402 2113 1578 2164 aevo
1631 2093 1867 2163 usitata
1918 2094 1986 2164 iu
2055 2089 2333 2164 docendi
2387 2099 2453 2163 et
2506 2089 2785 2186 regendi
2838 2100 2904 2164 et
2954 2091 3230 2167 vivendi
3281 2090 3481 2165 modo
3535 2091 3710 2190 apud
3762 2093 3937 2168 doc-

632 2231 814 2302 tores
866 2203 934 2300 et
984 2226 1328 2302 scholares
1379 2223 1623 2302 inter
1671 2232 2088 2302 nationes
2142 2227 2495 2303 divisos
2548 2231 2836 2302 maxime
2888 2228 3285 2303 obtinebant.
3891 2275 3902 2288 -

833 2364 910 2438 ln
960 2364 1272 2440 methodo
1330 2365 1611 2440 docendi
1662 2365 1782 2440 fuit
1834 2365 2115 2441 studium
2165 2370 2235 2440 in
2264 2365 2512 2440 artibus
2565 2365 2754 2461 quod
2796 2369 2864 2440 in
2891 2365 3101 2441 Gallia
3151 2366 3308 2440 inde
3362 2391 3401 2440 a
3449 2365 3672 2442 Caroli
3703 2367 3935 2464 Magni

631 2502 1037 2601 temporibus
1087 2502 1439 2578 admodum
1497 2503 1871 2579 colebatur:
1925 2504 2037 2578 ubi
2078 2507 2343 2578 trivium
2394 2515 2462 2577 et
2513 2503 2925 2598 quadrivium
2952 2511 3095 2577 erat
3139 2507 3602 2600 conjunctum,
3653 2505 3939 2580 studium

629 2641 947 2736 generale
1001 2641 1377 2716 dicebatur:
1454 2640 1763 2717 doctores
1834 2639 2250 2716 decretorum
2301 2651 2368 2716 et
2435 2631 2813 2736 theologiae
2882 2639 3127 2715 fiebant
3197 2646 3496 2736 magistri
3566 2645 3803 2715 artium
3855 2665 3936 2715 ac

631 2779 957 2854 medicina
1013 2803 1277 2878 quoque
1328 2779 1462 2855 hoc
1512 2779 1727 2854 studio
1782 2776 2274 2872 continebatur,
2298 2805 2305 2816 ’
2328 2789 2397 2852 et
2447 2776 2622 2873 quod
2675 2776 2759 2851 ad
2813 2802 2954 2853 rem
2988 2777 3333 2877 physicam
3377 2787 3444 2852 et
3495 2779 3938 2874 chirurgicum

638 2922 888 3012 attinet,
943 2921 1031 2991 uti
1063 2929 1198 2993 tum
1254 2905 1366 2992 res
1394 2918 1802 2993 medicinalis
1830 2916 2279 3018 appellabatur
2298 2971 2322 3010 ,
2374 2916 2644 2990 multum
2689 2918 2828 3009 jam
2881 2941 2965 2991 ea
3012 2920 3081 2990 in
3104 2915 3554 2992 Universitate
3581 2918 3939 2993 Parisiensi

636 3056 1075 3150 tractabatur,
1129 3068 1198 3131 ut
1248 3057 1534 3132 Bulaeus
1588 3069 1656 3132 et
1704 3058 2062 3155 Pasquier,
2116 3055 2534 3132 celeberrimi
2586 3055 2779 3149 hujus
2831 3055 3295 3131 Universitatis
3349 3061 3732 3155 scriptores,
3784 3066 3937 3132 tes-

636 3202 871 3268 tantur.
978 3195 1277 3269 Medicus
1332 3195 1412 3269 ad
1467 3162 1725 3270 artistas
1776 3198 2211 3295 pertinuisse,
2279 3198 2478 3267 etiam
2529 3170 2705 3267 Sarti
2759 3193 2845 3269 de
2916 3194 3217 3268 Bononia
3287 3196 3650 3292 eloquitur,
3719 3199 3938 3271 serius

641 3328 900 3407 demum
957 3331 1246 3443 doctoris
1299 3300 1586 3407 honores
1640 3336 1788 3408 illos
1841 3336 2178 3432 accepisse
2232 3330 2628 3406 concedens.
2648 3330 2727 3422 ⁴⁸)
2805 3331 2910 3406 De
2962 3332 3218 3429 legistis
3269 3355 3490 3430 neque
3540 3336 3608 3406 in
3632 3333 3939 3410 Univer-

637 3474 829 3544 sitate
876 3470 1203 3566 Pragensi
1255 3494 1472 3570 neque
1524 3474 1590 3545 in
1643 3472 2001 3545 Parisiensi
2051 3471 2162 3544 illo
2215 3480 2520 3567 tempore
2573 3467 2784 3544 verba
2834 3469 3010 3544 facta
3063 3479 3232 3544 sunt.

841 3607 917 3682 ln
960 3611 1114 3722 Jure
1167 3609 1445 3705 regendi
1484 3610 1845 3705 Pragensis
1871 3606 2291 3683 Universitas
2345 3606 2578 3681 eadem
2631 3580 2920 3680 instituta
2972 3607 3371 3705 accipiebat,
3426 3630 3595 3704 quae
3645 3608 3940 3702 Parisiis,

637 3742 749 3819 uhi
800 3744 1079 3820 Carolus
1131 3746 1250 3823 lv.
1302 3752 1447 3846 ipse
1474 3748 1703 3822 studiis
1739 3770 2011 3846 operam
2055 3745 2328 3821 dederat
2340 3744 2473 3839 ,‘*)
2527 3744 2980 3819 obtinuerunt:
3036 3748 3253 3845 itaque
3277 3751 3575 3842 magistri
3627 3755 3693 3820 et
3726 3746 3939 3819 scho-

639 3876 816 3958 lares
870 3887 934 3959 in
988 3909 1183 3960 unam
1239 3886 1755 3961 Universitatem
1808 3897 2002 3983 atque
2068 3881 2543 3979 jurisdictionis
2618 3892 2946 3982 potestate
3000 3887 3067 3957 in
3133 3907 3331 3958 unam
3401 3906 3544 3957 rem
3612 3883 3937 3981 publicam

643 3990 930 4095 omnium
986 4027 1228 4099 civium
1283 4028 1660 4122 civitatique
1702 4045 2114 4097 annexorum
2168 4023 2500 4114 conjuncti
2552 4030 2759 4096 erant.
2776 4018 2937 4117 m]
3041 4020 3292 4097 Rector
3340 4031 3408 4096 ut
3459 4026 3527 4096 in
3576 4020 3938 4096 Parisiensi

848 4205 917 4288 *)
958 4215 1054 4271 De
1099 4212 1280 4271 claris
1324 4213 1718 4291 Archigymn„
1764 4215 1994 4273 Bonon.
2035 4211 2479 4289 professoribus
2520 4212 2568 4271 1.
2613 4230 2755 4291 pag.
2805 4213 2949 4279 434.
3197 4162 3200 4169 ⁴

746 4364 763 4397 t
845 4318 955 4410 *Ἴ
1000 4333 1203 4394 vitam
1231 4333 1433 4394 Caroli
1461 4334 1564 4394 IV.
1600 4340 1660 4394 et
1689 4335 1933 4412 quidem
1955 4335 2286 4393 literarium
2308 4332 2629 4411 descripsit
2659 4334 2701 4393 J
2701 4320 2924 4394 oannes
2939 4335 3017 4393 Π.
3051 4332 3939 4412 Archiepiscopus-Pragensis

640 4453 704 4510 in
746 4459 897 4513 orat.
956 4454 1156 4514 funeb.
1214 4452 1354 4532 post
1392 4456 1649 4515 nortiam
1691 4455 1891 4516 Caroli
1930 4456 2050 4515 1v.·
2076 4454 2243 4532 apud
2281 4453 3525 4534 ffieher.pag.110.(0rigg.pahtt.)

833 4569 998 4665 '.’')
1041 4576 1143 4636 Ex
1182 4576 1468 4669 methodo
1512 4577 1767 4638 docendi
1807 4577 1926 4638 fuit
1964 4558 2363 4636 vocabulum
2384 4576 2684 4656 „studium
2729 4576 3012 4671 generale
3055 4581 3476 4637 conservatum
3521 4581 3582 4636 et
3622 4576 3688 4634 in
3727 4578 3948 4635 nostro

640 4696 903 4757 saeculo
924 4697 991 4756 in
1030 4699 1192 4758 mxlv.
1193 4662 1716 4778 Heidelbergensi
1758 4699 1902 4760 sed“
1941 4733 2027 4746 —
2073 4717 2154 4759 ex
2191 4699 2332 4776 jure
2370 4684 2668 4777 regendi*
2709 4699 3087 4759 universitas.
