4782 6002
4007 483 4082 557 3

653 682 999 759 directam
1030 685 1104 755 et
1132 674 1417 764 utilem,
1465 697 1627 752 cnm
1653 671 1903 780 JCtus
1932 674 2092 774 ipse
2125 680 2395 748 tantum
2431 668 2527 747 de
2556 672 2846 748 actione
2887 673 3340 770 negotiorum
3373 680 3740 772 gestorum
3790 674 4074 751 directa
4117 667 4144 778 J

652 832 729 901 et
775 823 938 899 utili
988 821 1220 918 egerit
1241 871 1263 912 ,
1313 815 1409 892 de
1462 838 1545 890 re
1593 837 1894 917 prorsus
1940 813 2285 912 singulari
2339 836 2546 910 quam
2596 814 2903 888 maxime
2954 821 3125 914 apta
3168 811 3262 887 ad
3314 817 3443 913 J'ns
3492 814 4025 894 extendendum
4043 870 4068 910 ‚

656 985 880 1063 quare
915 961 1011 1037 de
1043 959 1190 1036 hoc
1216 962 1634 1056 argumento
1669 956 1879 1030 varia
1909 957 2122 1029 etiam
2158 956 2229 1027 in
2258 949 2566 1030 Codicis
2596 953 2802 1027 titulo
2846 952 2939 1028 de
2971 956 3288 1052 negotiis
3314 957 3545 1053 gestis
3580 958 4071 1035 inveniuntur.

861 1101 1276 1198 Quanquam
1324 1096 1533 1198 plura
1570 1098 1764 1196 Juris
1813 1097 2137 1169 instituta
2171 1090 2601 1168 Jmtiniani
2644 1079 3083 1195 temporibus
3131 1095 3337 1171 nullo
3380 1095 3598 1171 modo
3639 1097 4072 1198 applicanda

657 1264 894 1343 neque
941 1266 988 1318 a
1047 1239 1511 1341 pragmaticis
1576 1235 1864 1311 illorum
1939 1244 2332 1336 temporum
2401 1237 2781 1332 recognita
2847 1244 3084 1330 erant,
3137 1258 3206 1311 e.
3255 1257 3329 1335 g.
3371 1240 3498 1335 jus
3548 1235 3953 1313 Juliamm
4002 1247 4076 1316 et

665 1383 1092 1482 Papianum
1109 1407 1144 1470 ,-
1220 1378 1622 1478 Imperator
1702 1383 1934 1450 tamen
2015 1373 2372 1473 ejusmodi
2434 1381 2803 1449 auctorum
2854 1377 3128 1475 scripta
3178 1375 3536 1478 expilavit
3557 1432 3579 1471 ‚
3645 1401 3831 1477 quae
3880 1400 4069 1457 vero

654 1525 747 1596 iis
794 1518 1014 1596 rebus
1062 1540 1211 1595 uon
1260 1515 1836 1617 respondebant,
1896 1537 2073 1612 quas
2123 1512 2617 1589 Justinianm
2665 1516 2825 1614 ipse
2873 1517 2947 1588 in
2999 1513 3288 1592 Codice
3335 1518 3734 1595 sanciebat.
3820 1495 3832 1504 x

859 1659 1105 1757 Atque
1155 1656 1303 1733 hoc
1364 1655 1583 1731 modo
1652 1657 1915 1731 factum
1984 1662 2140 1749 est,
2210 1664 2290 1730 ut
2353 1655 2753 1753 Imperator
2821 1677 3054 1753 neque
3120 1657 3196 1731 in
3242 1656 3637 1736 Pandectis
3698 1682 3936 1768 neque
4000 1664 4074 1737 in

660 1798 952 1879 Codice
1004 1797 1612 1876 Constitutionum
1680 1796 1949 1872 clarius
2011 1803 2086 1870 et
2147 1798 2556 1871 accuratius
2607 1816 2732 1870 res
2780 1820 2953 1870 suas
3001 1818 3242 1874 novas
3310 1810 3757 1900 exponeret,
3839 1821 4074 1901 neque

605 1914 614 1921 ’
666 1942 935 2019 nostris
988 1937 1692 2040 interpretationibus
1740 1938 2007 2012 firmum
2057 1933 2591 2010 fundamentum
2641 1943 2716 2012 et
2763 1935 3196 2037 praesidium
3247 1948 3519 2014 certum
3571 1942 3973 2040 praeberet.

863 2080 1095 2173 Quum
1145 2099 1327 2178 ergo
1377 2080 1846 2176 Digestorum
1897 2076 2286 2176 conceptio
2356 2073 2706 2151 historica
2753 2083 3020 2152 tantum
3070 2080 3348 2153 ratione
3418 2084 3711 2154 tractari
3765 2080 4071 2175 debeat,

660 2222 973 2319 ideoque
1020 2219 1511 2294 Justim‘anus
1560 2217 1689 2293 vel
1750 2214 2258 2293 (lh-ibonianus
2304 2216 2564 2291 falsam
2610 2215 2824 2291 fidem
2877 2240 3023 2292 non
3074 2222 3305 2317 magis
3356 2217 3772 2293 adhibuisse
3822 2217 4075 2296 dicen·-

660 2360 797 2437 dns
846 2363 981 2457 sit,
1035 2382 1241 2458 quam
1289 2357 1418 2435 ille
1467 2357 1766 2434 Pseudo
1785 2332 2172 2435 -lsidorns
2221 2360 2537 2458 pessime
2600 2365 2987 2434 tractatus:
3015 2375 3022 2380 “
3049 2363 3427 2435 maximnm
3476 2360 3648 2435 inde
3699 2359 4079 2435 discrimen

545 2587 549 2592 ,
656 2507 959 2604 apparet
1003 2504 1187 2576 iuter
1227 2503 1356 2599 jus
1404 2498 1797 2574 Romanum
1849 2507 1926 2574 et
1973 2498 2329 2577 Codicem
2375 2497 2976 2598 Napoleoneum‚
3047 2501 3170 2594 qui
3233 2500 3397 2598 ipse
3464 2519 3627 2572 cnm
3691 2502 4070 2576 sententiis

665 2666 753 2720 ac
786 2641 1034 2720 verbis
1083 2644 1326 2743 potius
1377 2642 1450 2715 ei
1500 2644 1714 2714 statui
1765 2661 1997 2713 rerum
2029 2693 2051 2734 ,
2107 2641 2225 2736 qui
2275 2661 2467 2714 nunc
2517 2636 2833 2732 obtinet,
2887 2660 2972 2712 se
3021 2637 3396 2738 applicare
3444 2638 3706 2721 soleat.

859 2780 1022 2860 Sed
1069 2780 1565 2856 Justinianus
1614 2779 2026 2854 historicam
2064 2776 2484 2880 explicandi
2532 2779 2886 2853 rationem
2918 2800 3066 2852 non
3103 2779 3588 2876 significavit,
3638 2801 3870 2878 neque
3910 2776 4080 2855 ideo
4123 2881 4130 2892 ι

666 2945 862 2998 nsum
904 2925 1096 3023 juris
1143 2919 1436 2996 docuit=
1484 2922 1561 2996 in
1610 2918 1849 2996 medio
1903 2924 2103 2996 stetit
2151 2919 2433 2995 sibimet
2480 2941 2626 2998 non
2675 2919 2940 3019 ubique
2991 2920 3313 2995 confisus
3360 2940 3427 2996 e.
3471 2943 3545 3019 g.
3597 2921 3667 2995 in
3702 2919 4079 2998 fideicom-

667 3064 903 3139 missis
950 3062 1040 3139 ab
1073 3062 1426 3163 Auyusto
1475 3061 1912 3139 introductis
1956 3070 2131 3164 post
2170 3060 2664 3139 Theodosium
2713 3064 2871 3138 sine
2921 3059 3427 3185 codicillorum
3477 3062 3913 3139 solennitate
3956 3083 4081 3138 re-

668 3203 1096 3303 linquendis·
4043 3273 4050 3279 .

857 3345 1058 3420 Hinc
1105 3344 1280 3422 illae
1327 3298 1747 3444 lacrymae3
1804 3340 2164 3420 sotorum
2214 3350 2621 3418 nostrorum
2672 3342 3032 3436 nonnulli,
3087 3343 3399 3442 Digesta
3460 3364 3629 3418 esse
3694 3349 4082 3418 monstrum

677 3483 1138 3582 horrendum,
1208 3487 1536 3560 clamant.
1637 3482 1798 3559 Alii
1863 3491 2115 3559 contra
2175 3486 2250 3559 in
2318 3484 2469 3559 illis
2530 3509 2782 3563 veram
2850 3492 2927 3559 et
3004 3485 3486 3562 sufficientem
3543 3488 3734 3585 juris
3782 3484 4087 3561 Romi

672 3622 1193 3727 philosophiam
1245 3625 1454 3700 simul
1507 3633 1580 3700 et
1629 3624 2000 3700 historiam
2049 3626 2362 3700 inveniri
2414 3646 2639 3726 posse
2687 3622 3129 3727 praedicant.

866 3763 1372 3862 Posteriores,
1428 3770 1549 3864 qui
1596 3764 1735 3841 hac
1784 3770 2069 3841 ratione
2119 3765 2578 3867 explicandis
2627 3768 2963 3865 Digestis
3031 3787 3324 3867 operam
3376 3764 3733 3841 dederunt
3756 3819 3778 3858 ,
3852 3767 3925 3840 in
3989 3787 4083 3842 eo

673 3905 1114 4003 institerunt,
1157 3908 1349 4004 juris
1397 3908 1768 3983 scientiam
1820 3929 1991 3983 esse
2040 3915 2262 3983 artem
2312 3874 2762 4004 historicam,
2841 3907 2980 3985 sed
3043 3910 3183 4009 ipsi
3250 3929 3399 3985 non
3464 3907 3555 3982 ab
3623 3911 3814 3983 omni
3882 3916 4092 4010 parte

676 4022 826 4119 rem
875 4046 1381 4146 inspexerunt:
1421 4047 1993 4147 jurisprudentia
2042 4050 2283 4148 potius
2334 4056 2449 4123 est
2487 4050 2795 4123 scientia
2844 4057 2920 4123 et:
2971 4051 3224 4124 notitia
3263 4051 3447 4148 justi
3489 4057 3561 4125 et
3607 4052 3887 4149 injusti,
3942 4069 4088 4125 non

672 4186 968 4259 mortuis
1017 4182 1146 4260 sed
1195 4188 1399 4262 vivis
1447 4187 1880 4289 applicanda
1933 4184 2191 4262 eodem
2244 4186 2460 4262 modo
2490 4242 2512 4282 ,
2566 4211 2709 4285 quo
2762 4192 3087 4286 cognitio
3139 4192 3250 4265 rei
3303 4168 3651 4277 naturalis
3704 4193 3780 4264 in
3829 4191 4087 4265 inves-

668 4321 990 4423 tigmdis
1035 4325 1309 4402 mribus
1374 4336 1675 4404 namrae
1749 4334 2035 4404 constat
2101 4336 2179 4404 et
2232 4350 2517 4431 semper
2579 4331 2657 4404 in
2726 4329 3093 4406 humanam
3161 4333 3388 4430 ipsam
3458 4329 3758 4404 salutem
3859 4328 4090 4406 adau-

678 4474 915 4564 getur.
1010 4465 1211 4543 Juris
1261 4470 1575 4545 scientia
1624 4478 1738 4545 est
1790 4470 1996 4570 quasi
2047 4466 2204 4545 dux
2247 4468 2680 4591 prudentiae
2730 4493 2976 4547 eorum
3042 4469 3400 4545 hominum
3464 4470 3720 4569 quibus
3785 4494 3907 4548 res
3960 4475 4094 4573 ju-

684 4605 987 4685 diciaria
1036 4608 1589 4711 administranda
1637 4618 1773 4687 est.

869 4746 1034 4827 Sed
1084 4758 1314 4829 tamen
1366 4752 1557 4830 hanc
1605 4750 2141 4830 Pandectarnm
2191 4751 2710 4831 collectionem
2734 4740 3252 4849 Justimamm
3304 4757 3426 4853 qni
3464 4759 3594 4857 Jus
3641 4756 3754 4829 sui
3805 4760 4092 4853 tempo-

1190 4922 1199 4935 .
3124 4877 3172 4953 1
3188 4876 3243 4931 s
