4782 6002
2544 455 3126 525 ...24-....

1342 642 2099 721 Fideicommissarius
2165 644 2389 721 heres
2418 698 2441 739 ‚
2516 644 2610 719 fr.
2671 648 2771 721 40
2834 643 3004 722 eod.
3081 644 3408 743 impubes
3476 652 3872 742 arrogatu's
3937 644 4031 717 ob
4105 657 4417 741 quarta·

1141 787 1322 862 Divi
1372 786 1532 881 Pii,
1612 788 1703 862 fr.
1759 792 1806 860 2
1856 795 1928 876 s.
1988 793 2023 862 ¹
2082 786 2251 864 eod.
2305 795 2385 864 et
2435 787 2871 866 hereditatis
2922 797 3207 889 emptor
3274 788 3523 862 utilem
3588 796 3863 861 tantum
3916 786 4189 864 babent
4239 787 4423 863 hanc

1144 932 1523 1005 actionem.
1630 925 1888 1004 Const.
1940 931 1990 1003 ὅ
2039 926 2232 1007 cod.
2286 927 2384 1003 de
2433 927 2591 1005 her.
2642 931 2775 1006 vel
2825 940 2967 1009 act.
3018 930 3239 1007 vend.
3291 934 3418 1024 (4,
3455 932 3618 1023 39).

1344 1067 1439 1145 Si
1489 1070 1975 1145 convenerint
2025 1067 2440 1145 coheredes
2460 1123 2482 1161 ,
2539 1092 2633 1146 ne
2680 1095 2989 1170 unquam
3040 1070 3420 1147 hereditas
3464 1069 3847 1145 dividatur
3869 1124 3887 1156 ‚
3943 1071 4074 1145 vel
4122 1081 4421 1147 testator

1143 1209 1295 1283 tale
1348 1208 1524 1306 quid
1572 1212 2135 1309 praescripserit
2160 1263 2181 1301 ‚
2256 1217 2590 1286 neutrum
2660 1216 3069 1312 respicitur.
3189 1209 3321 1285 Fr.
3376 1212 3474 1282 70
3521 1208 3616 1282 D.
3670 1231 3808 1309 pro
3861 1212 4073 1285 socio
4126 1214 4302 1305 (17,
4347 1219 4421 1306 2)

1141 1347 1234 1422 fr.
1277 1350 1373 1423 14
1422 1358 1494 1436 S.
1538 1353 1585 1421 2
1635 1349 1730 1422 Ι).
1785 1371 2038 1425 comm.
2090 1348 2240 1424 div.
2292 1352 2469 1443 (10,
2502 1353 2615 1443 3).
2720 1345 2979 1429 Const.
3033 1357 3083 1426 5
3134 1351 3324 1429 Cod.
3374 1351 3544 1429 eod.
3602 1353 3730 1445 (3,
3763 1355 3904 1444 3¹7)
3956 1353 4047 1426 fr.
4085 1358 4137 1426 4
4189 1378 4297 1452 pr.
4339 1354 4418 1426 D.

1144 1490 1240 1568 de
1290 1489 1505 1566 cond.
1558 1496 1722 1568 inst·
1776 1496 1953 1587 (28,
1989 1496 2099 1586 7).
2201 1491 2450 1591 Hujus
2500 1495 2813 1569 actionis
2862 1499 3353 1597 praescriptio
3403 1504 3521 1571 est
3569 1497 3873 1592 triginta
3922 1517 4310 1584 annorum,
4358 1507 4419 1572 et

1142 1634 1397 1733 incipit
1444 1638 1519 1708 in
1572 1636 1914 1733 impensis
1955 1631 2434 1710 restituendis
2486 1631 2675 1709 haec
2739 1635 3229 1737 praescriptio
3295 1661 3340 1710 a
3401 1642 3798 1723 momento,
3873 1635 3993 1709 ubi
4064 1639 4417 1734 impensae

1143 1781 1434 1855 restitui
1481 1777 1874 1855 debebant.
1997 1773 2257 1852 Const-
2315 1779 2354 1848 1
2410 1784 2483 1863 S.
2544 1780 2578 1849 1
2634 1774 2827 1855 cod.
2882 1778 2978 1856 de
3028 1804 3192 1855 ann.
3247 1802 3416 1854 exc.
3469 1782 3601 1870 (7,
3634 1780 3798 1870 40).
3925 1777 4227 1860 Trium,
4299 1777 4418 1852 de—

1149 1944 1347 2017 cem,
1396 1921 1529 1998 vel
1576 1923 1841 2020 viginti
1892 1941 2241 1995 annorum
2292 1920 2784 2020 praescriptio
2836 1927 3095 1996 contra
3146 1919 3336 1994 hanc
3386 1922 3748 1994 actionem
3800 1917 3979 1992 nihil
4032 1919 4262 1993 valet.
