<?xml version="1.0" encoding="UTF-8"?>
<!DOCTYPE html PUBLIC "-//W3C//DTD XHTML 1.0 Transitional//EN"
    "http://www.w3.org/TR/xhtml1/DTD/xhtml1-transitional.dtd">
<html xmlns="http://www.w3.org/1999/xhtml" xml:lang="en" lang="en">
 <head>
  <title>
</title>
<meta http-equiv="Content-Type" content="text/html;charset=utf-8" />
  <meta name='ocr-system' content='tesseract 3.04.00' />
  <meta name='ocr-capabilities' content='ocr_page ocr_carea ocr_par ocr_line ocrx_word'/>
</head>
<body>
  <div class='ocr_page' id='page_1' title='image "./diesinterpellat00beckgoog_0044.png"; bbox 0 0 4782 6002; ppageno 0'>
   <div class='ocr_carea' id='block_1_1' title="bbox 2569 554 2639 637">
    <p class='ocr_par' dir='ltr' id='par_1_1' title="bbox 2569 554 2639 637">
     <span class='ocr_line' id='line_1_1' title="bbox 2569 554 2639 637; baseline 0 0"><span class='ocrx_word' id='word_1_1' title='bbox 2569 554 2639 637; x_wconf 84' lang='lat'><strong><em>4</em></strong></span> 
     </span>
    </p>
   </div>
   <div class='ocr_carea' id='block_1_2' title="bbox 2412 662 2807 680">
    <p class='ocr_par' dir='ltr' id='par_1_2' title="bbox 2412 662 2807 680">
     <span class='ocr_line' id='line_1_2' title="bbox 2412 662 2807 680; baseline 0 0"><span class='ocrx_word' id='word_1_2' title='bbox 2412 662 2807 680; x_wconf 95' lang='lat' dir='ltr'><strong> </strong></span> 
     </span>
    </p>
   </div>
   <div class='ocr_carea' id='block_1_3' title="bbox 903 767 4312 2677">
    <p class='ocr_par' dir='ltr' id='par_1_3' title="bbox 903 767 4312 2677">
     <span class='ocr_line' id='line_1_3' title="bbox 908 767 4311 879; baseline -0 -21"><span class='ocrx_word' id='word_1_3' title='bbox 908 790 1178 874; x_wconf 73' lang='lat' dir='ltr'><strong>haberi,</strong></span> <span class='ocrx_word' id='word_1_4' title='bbox 1240 793 1376 859; x_wconf 76' lang='lat' dir='ltr'><strong>tam</strong></span> <span class='ocrx_word' id='word_1_5' title='bbox 1415 807 1627 879; x_wconf 72' lang='lat' dir='ltr'><strong>saepe</strong></span> <span class='ocrx_word' id='word_1_6' title='bbox 1664 792 2102 859; x_wconf 67' lang='lat' dir='ltr'><strong>conficiuntur</strong></span> <span class='ocrx_word' id='word_1_7' title='bbox 2137 794 2251 877; x_wconf 80' lang='lat' dir='ltr'><strong>ut,</strong></span> <span class='ocrx_word' id='word_1_8' title='bbox 2314 788 2630 878; x_wconf 77' lang='lat' dir='ltr'><strong>quidquid</strong></span> <span class='ocrx_word' id='word_1_9' title='bbox 2684 791 2772 857; x_wconf 74' lang='lat' dir='ltr'><strong>ns</strong></span> <span class='ocrx_word' id='word_1_10' title='bbox 2830 767 3097 857; x_wconf 55' lang='lat' dir='ltr'><strong>inesset</strong></span> <span class='ocrx_word' id='word_1_11' title='bbox 3135 789 3386 858; x_wconf 71' lang='lat' dir='ltr'><strong>insonti</strong></span> <span class='ocrx_word' id='word_1_12' title='bbox 3425 791 3542 858; x_wconf 68' lang='lat' dir='ltr'><strong>vet</strong></span> <span class='ocrx_word' id='word_1_13' title='bbox 3581 793 3743 858; x_wconf 75' lang='lat' dir='ltr'><strong>novi</strong></span> <span class='ocrx_word' id='word_1_14' title='bbox 3781 790 4096 877; x_wconf 69' lang='grc' dir='ltr'>μιιιιῑιιι</span> <span class='ocrx_word' id='word_1_15' title='bbox 4132 767 4311 857; x_wconf 67' lang='lat' dir='ltr'><strong>ev·-</strong></span> 
     </span>
     <span class='ocr_line' id='line_1_4' title="bbox 906 893 4311 1007; baseline 0 -22"><span class='ocrx_word' id='word_1_16' title='bbox 906 925 1241 986; x_wconf 86' lang='lat' dir='ltr'><strong>nesceret.</strong></span> <span class='ocrx_word' id='word_1_17' title='bbox 1286 893 1306 944; x_wconf 68' lang='lat'><strong>‘.</strong></span> <span class='ocrx_word' id='word_1_18' title='bbox 1324 921 1598 987; x_wconf 86' lang='lat' dir='ltr'><strong>Revera</strong></span> <span class='ocrx_word' id='word_1_19' title='bbox 1649 919 1940 986; x_wconf 91' lang='lat' dir='ltr'><strong>duellum</strong></span> <span class='ocrx_word' id='word_1_20' title='bbox 1990 917 2390 986; x_wconf 81' lang='lat' dir='ltr'><strong>infirmitatis</strong></span> <span class='ocrx_word' id='word_1_21' title='bbox 2447 917 2795 1005; x_wconf 76' lang='lat' dir='ltr'><strong>cujusdam</strong></span> <span class='ocrx_word' id='word_1_22' title='bbox 2846 917 3275 1007; x_wconf 69' lang='lat' dir='ltr'><strong>levitatisque</strong></span> <span class='ocrx_word' id='word_1_23' title='bbox 3313 923 3425 987; x_wconf 84' lang='lat' dir='ltr'><strong>est</strong></span> <span class='ocrx_word' id='word_1_24' title='bbox 3461 917 3834 987; x_wconf 87' lang='lat' dir='ltr'><strong>ducendum</strong></span> <span class='ocrx_word' id='word_1_25' title='bbox 3881 920 4118 1007; x_wconf 86' lang='lat' dir='ltr'><strong>quibus</strong></span> <span class='ocrx_word' id='word_1_26' title='bbox 4157 915 4311 1006; x_wconf 91' lang='lat' dir='ltr'><strong>plu-</strong></span> 
     </span>
     <span class='ocr_line' id='line_1_5' title="bbox 905 1043 4305 1140; baseline -0 -27"><span class='ocrx_word' id='word_1_27' title='bbox 905 1047 1055 1113; x_wconf 89' lang='lat' dir='ltr'><strong>rimi</strong></span> <span class='ocrx_word' id='word_1_28' title='bbox 1099 1047 1401 1114; x_wconf 88' lang='lat' dir='ltr'><strong>homiues</strong></span> <span class='ocrx_word' id='word_1_29' title='bbox 1441 1049 1754 1134; x_wconf 88' lang='lat' dir='ltr'><strong>permoti,</strong></span> <span class='ocrx_word' id='word_1_30' title='bbox 1822 1048 2185 1134; x_wconf 77' lang='lat' dir='ltr'><strong>quamlibet</strong></span> <span class='ocrx_word' id='word_1_31' title='bbox 2226 1048 2576 1134; x_wconf 81' lang='lat' dir='ltr'><strong>injuriam,</strong></span> <span class='ocrx_word' id='word_1_32' title='bbox 2646 1043 3085 1137; x_wconf 90' lang='lat' dir='ltr'><strong>quodcunque</strong></span> <span class='ocrx_word' id='word_1_33' title='bbox 3120 1049 3207 1116; x_wconf 92' lang='lat' dir='ltr'><strong>ab</strong></span> <span class='ocrx_word' id='word_1_34' title='bbox 3247 1049 3469 1135; x_wconf 87' lang='lat' dir='ltr'><strong>aliquo</strong></span> <span class='ocrx_word' id='word_1_35' title='bbox 3510 1049 3752 1133; x_wconf 78' lang='lat' dir='ltr'><strong>injuria</strong></span> <span class='ocrx_word' id='word_1_36' title='bbox 3791 1046 4009 1135; x_wconf 88' lang='lat' dir='ltr'><strong>possit</strong></span> <span class='ocrx_word' id='word_1_37' title='bbox 4047 1044 4305 1140; x_wconf 77' lang='lat' dir='ltr'><strong>haberi,</strong></span> 
     </span>
     <span class='ocr_line' id='line_1_6' title="bbox 905 1171 4303 1263; baseline -0 -25"><span class='ocrx_word' id='word_1_38' title='bbox 905 1171 1129 1241; x_wconf 91' lang='lat' dir='ltr'><strong>duello</strong></span> <span class='ocrx_word' id='word_1_39' title='bbox 1170 1176 1521 1242; x_wconf 89' lang='lat' dir='ltr'><strong>commisso</strong></span> <span class='ocrx_word' id='word_1_40' title='bbox 1575 1192 1738 1241; x_wconf 89' lang='lat' dir='ltr'><strong>esse</strong></span> <span class='ocrx_word' id='word_1_41' title='bbox 1789 1173 2264 1243; x_wconf 86' lang='lat' dir='ltr'><strong>vindicandam</strong></span> <span class='ocrx_word' id='word_1_42' title='bbox 2303 1176 2677 1263; x_wconf 76' lang='lat' dir='ltr'><strong>opinantur.</strong></span> <span class='ocrx_word' id='word_1_43' title='bbox 2757 1175 3042 1262; x_wconf 78' lang='lat' dir='ltr'><strong>Propter</strong></span> <span class='ocrx_word' id='word_1_44' title='bbox 3081 1174 3255 1261; x_wconf 93' lang='lat' dir='ltr'><strong>quod</strong></span> <span class='ocrx_word' id='word_1_45' title='bbox 3296 1174 3561 1261; x_wconf 90' lang='lat' dir='ltr'><strong>quidem</strong></span> <span class='ocrx_word' id='word_1_46' title='bbox 3597 1173 4115 1262; x_wconf 88' lang='lat' dir='ltr'><strong>praejudicium,</strong></span> <span class='ocrx_word' id='word_1_47' title='bbox 4173 1187 4303 1258; x_wconf 90' lang='lat' dir='ltr'><strong>quo</strong></span> 
     </span>
     <span class='ocr_line' id='line_1_7' title="bbox 904 1291 4309 1392; baseline -0 -25"><span class='ocrx_word' id='word_1_48' title='bbox 904 1301 1213 1386; x_wconf 85' lang='lat' dir='ltr'><strong>permulti</strong></span> <span class='ocrx_word' id='word_1_49' title='bbox 1251 1302 1580 1389; x_wconf 87' lang='lat' dir='ltr'><strong>iidemque</strong></span> <span class='ocrx_word' id='word_1_50' title='bbox 1622 1300 1993 1368; x_wconf 82' lang='lat' dir='ltr'><strong>doctissimi</strong></span> <span class='ocrx_word' id='word_1_51' title='bbox 2031 1306 2237 1390; x_wconf 88' lang='lat' dir='ltr'><strong>atque</strong></span> <span class='ocrx_word' id='word_1_52' title='bbox 2276 1291 2715 1370; x_wconf 76' lang='lat' dir='ltr'><strong>eruditissimi</strong></span> <span class='ocrx_word' id='word_1_53' title='bbox 2750 1310 3138 1390; x_wconf 84' lang='lat' dir='ltr'><strong>moventur,</strong></span> <span class='ocrx_word' id='word_1_54' title='bbox 3194 1320 3429 1370; x_wconf 89' lang='lat' dir='ltr'><strong>omnes</strong></span> <span class='ocrx_word' id='word_1_55' title='bbox 3469 1304 3619 1370; x_wconf 86' lang='lat' dir='ltr'><strong>fere</strong></span> <span class='ocrx_word' id='word_1_56' title='bbox 3658 1304 3884 1392; x_wconf 76' lang='lat' dir='ltr'><strong>legum</strong></span> <span class='ocrx_word' id='word_1_57' title='bbox 3920 1301 4309 1387; x_wconf 79' lang='lat' dir='ltr'><strong>scriptores,</strong></span> 
     </span>
     <span class='ocr_line' id='line_1_8' title="bbox 904 1427 4302 1518; baseline -0.001 -23"><span class='ocrx_word' id='word_1_58' title='bbox 904 1429 1065 1495; x_wconf 90' lang='lat' dir='ltr'><strong>licet</strong></span> <span class='ocrx_word' id='word_1_59' title='bbox 1102 1431 1341 1516; x_wconf 90' lang='lat' dir='ltr'><strong>poenis</strong></span> <span class='ocrx_word' id='word_1_60' title='bbox 1382 1435 1518 1495; x_wconf 90' lang='lat' dir='ltr'><strong>tam</strong></span> <span class='ocrx_word' id='word_1_61' title='bbox 1558 1429 2022 1496; x_wconf 74' lang='lat' dir='ltr'><strong>acerbissimis</strong></span> <span class='ocrx_word' id='word_1_62' title='bbox 2064 1434 2137 1496; x_wconf 89' lang='lat' dir='ltr'><strong>et</strong></span> <span class='ocrx_word' id='word_1_63' title='bbox 2173 1429 2637 1517; x_wconf 81' lang='lat' dir='ltr'><strong>gravissimis,</strong></span> <span class='ocrx_word' id='word_1_64' title='bbox 2677 1448 2871 1518; x_wconf 90' lang='lat' dir='ltr'><strong>quam</strong></span> <span class='ocrx_word' id='word_1_65' title='bbox 2907 1431 3273 1498; x_wconf 87' lang='lat' dir='ltr'><strong>levissimis</strong></span> <span class='ocrx_word' id='word_1_66' title='bbox 3310 1436 3512 1518; x_wconf 87' lang='lat' dir='ltr'><strong>atque</strong></span> <span class='ocrx_word' id='word_1_67' title='bbox 3547 1429 3942 1512; x_wconf 64' lang='lat' dir='ltr'><strong>mitissimss,</strong></span> <span class='ocrx_word' id='word_1_68' title='bbox 3980 1427 4136 1515; x_wconf 88' lang='lat' dir='ltr'><strong>quin</strong></span> <span class='ocrx_word' id='word_1_69' title='bbox 4173 1427 4302 1493; x_wconf 79' lang='lat' dir='ltr'><strong>imo</strong></span> 
     </span>
     <span class='ocr_line' id='line_1_9' title="bbox 903 1557 4303 1646; baseline -0.001 -23"><span class='ocrx_word' id='word_1_70' title='bbox 903 1558 1357 1642; x_wconf 87' lang='lat' dir='ltr'><strong>impunitatem</strong></span> <span class='ocrx_word' id='word_1_71' title='bbox 1396 1559 1952 1625; x_wconf 82' lang='lat' dir='ltr'><strong>remissionemve</strong></span> <span class='ocrx_word' id='word_1_72' title='bbox 1990 1575 2251 1646; x_wconf 90' lang='lat' dir='ltr'><strong>poenae</strong></span> <span class='ocrx_word' id='word_1_73' title='bbox 2289 1557 2706 1643; x_wconf 86' lang='lat' dir='ltr'><strong>adhibendo,</strong></span> <span class='ocrx_word' id='word_1_74' title='bbox 2760 1559 3016 1626; x_wconf 91' lang='lat' dir='ltr'><strong>crimini</strong></span> <span class='ocrx_word' id='word_1_75' title='bbox 3057 1558 3424 1627; x_wconf 82' lang='lat' dir='ltr'><strong>duellorum</strong></span> <span class='ocrx_word' id='word_1_76' title='bbox 3461 1557 3913 1626; x_wconf 83' lang='lat' dir='ltr'><strong>faciendorum</strong></span> <span class='ocrx_word' id='word_1_77' title='bbox 3951 1569 4303 1623; x_wconf 88' lang='lat' dir='ltr'><strong>occurrere</strong></span> 
     </span>
     <span class='ocr_line' id='line_1_10' title="bbox 904 1678 4303 1778; baseline -0.001 -27"><span class='ocrx_word' id='word_1_78' title='bbox 904 1685 1290 1772; x_wconf 83' lang='lat' dir='ltr'><strong>studerent,</strong></span> <span class='ocrx_word' id='word_1_79' title='bbox 1355 1687 1558 1773; x_wconf 89' lang='lat' dir='ltr'><strong>plane</strong></span> <span class='ocrx_word' id='word_1_80' title='bbox 1610 1687 1772 1753; x_wconf 84' lang='lat' dir='ltr'><strong>nihil</strong></span> <span class='ocrx_word' id='word_1_81' title='bbox 1830 1689 2238 1772; x_wconf 75' lang='lat' dir='ltr'><strong>effecerunt,</strong></span> <span class='ocrx_word' id='word_1_82' title='bbox 2303 1688 2401 1755; x_wconf 87' lang='lat' dir='ltr'><strong>ita</strong></span> <span class='ocrx_word' id='word_1_83' title='bbox 2454 1692 2528 1755; x_wconf 89' lang='lat' dir='ltr'><strong>ut</strong></span> <span class='ocrx_word' id='word_1_84' title='bbox 2585 1689 2887 1778; x_wconf 75' lang='lat' dir='ltr'><strong>singuli,</strong></span> <span class='ocrx_word' id='word_1_85' title='bbox 2955 1687 3534 1775; x_wconf 73' lang='lat' dir='ltr'><strong>quod‘duellorum</strong></span> <span class='ocrx_word' id='word_1_86' title='bbox 3572 1702 3950 1767; x_wconf 87' lang='lat' dir='ltr'><strong>numerum,</strong></span> <span class='ocrx_word' id='word_1_87' title='bbox 4016 1678 4303 1766; x_wconf 75' lang='lat' dir='ltr'><strong>singulis</strong></span> 
     </span>
     <span class='ocr_line' id='line_1_11' title="bbox 903 1811 4296 1910; baseline -0.002 -31"><span class='ocrx_word' id='word_1_88' title='bbox 903 1820 1301 1901; x_wconf 87' lang='lat' dir='ltr'><strong>superentur</strong></span> <span class='ocrx_word' id='word_1_89' title='bbox 1337 1816 1552 1882; x_wconf 88' lang='lat' dir='ltr'><strong>annis.</strong></span> <span class='ocrx_word' id='word_1_90' title='bbox 1639 1814 1831 1897; x_wconf 80' lang='lat' dir='ltr'><strong>Quod</strong></span> <span class='ocrx_word' id='word_1_91' title='bbox 1873 1834 2064 1903; x_wconf 87' lang='lat' dir='ltr'><strong>quum</strong></span> <span class='ocrx_word' id='word_1_92' title='bbox 2103 1817 2200 1883; x_wconf 90' lang='lat' dir='ltr'><strong>ita</strong></span> <span class='ocrx_word' id='word_1_93' title='bbox 2242 1834 2322 1883; x_wconf 90' lang='lat' dir='ltr'><strong>se</strong></span> <span class='ocrx_word' id='word_1_94' title='bbox 2364 1816 2642 1900; x_wconf 86' lang='lat' dir='ltr'><strong>babeat,</strong></span> <span class='ocrx_word' id='word_1_95' title='bbox 2683 1834 2857 1905; x_wconf 91' lang='lat' dir='ltr'><strong>quae</strong></span> <span class='ocrx_word' id='word_1_96' title='bbox 2895 1817 3034 1884; x_wconf 87' lang='lat' dir='ltr'><strong>sint</strong></span> <span class='ocrx_word' id='word_1_97' title='bbox 3071 1815 3497 1883; x_wconf 81' lang='lat' dir='ltr'><strong>difficultates</strong></span> <span class='ocrx_word' id='word_1_98' title='bbox 3537 1811 3955 1910; x_wconf 79' lang='lat' dir='ltr'><strong>vincendae,</strong></span> <span class='ocrx_word' id='word_1_99' title='bbox 3998 1821 4296 1897; x_wconf 87' lang='lat' dir='ltr'><strong>quaeque</strong></span> 
     </span>
     <span class='ocr_line' id='line_1_12' title="bbox 905 1933 4302 2033; baseline -0.002 -26"><span class='ocrx_word' id='word_1_100' title='bbox 905 1941 1376 2028; x_wconf 88' lang='lat' dir='ltr'><strong>impedimenta</strong></span> <span class='ocrx_word' id='word_1_101' title='bbox 1436 1943 1823 2029; x_wconf 86' lang='lat' dir='ltr'><strong>superanda</strong></span> <span class='ocrx_word' id='word_1_102' title='bbox 1871 1945 1941 2009; x_wconf 91' lang='lat' dir='ltr'><strong>in</strong></span> <span class='ocrx_word' id='word_1_103' title='bbox 1995 1944 2303 2032; x_wconf 91' lang='lat' dir='ltr'><strong>opinione</strong></span> <span class='ocrx_word' id='word_1_104' title='bbox 2351 1946 2816 2032; x_wconf 88' lang='lat' dir='ltr'><strong>praejudicata</strong></span> <span class='ocrx_word' id='word_1_105' title='bbox 2875 1944 3331 2033; x_wconf 83' lang='lat' dir='ltr'><strong>impugnanda</strong></span> <span class='ocrx_word' id='word_1_106' title='bbox 3370 1944 3567 2011; x_wconf 85' lang='lat' dir='ltr'><strong>facile</strong></span> <span class='ocrx_word' id='word_1_107' title='bbox 3622 1949 3731 2010; x_wconf 89' lang='lat' dir='ltr'><strong>est</strong></span> <span class='ocrx_word' id='word_1_108' title='bbox 3769 1941 4135 2008; x_wconf 89' lang='lat' dir='ltr'><strong>intellectu.</strong></span> <span class='ocrx_word' id='word_1_109' title='bbox 4216 1933 4302 2003; x_wconf 90' lang='lat' dir='ltr'><strong>Ut</strong></span> 
     </span>
     <span class='ocr_line' id='line_1_13' title="bbox 905 2066 4308 2162; baseline -0.001 -28"><span class='ocrx_word' id='word_1_110' title='bbox 905 2069 1403 2135; x_wconf 85' lang='lat' dir='ltr'><strong>satisfaciamus</strong></span> <span class='ocrx_word' id='word_1_111' title='bbox 1446 2071 1824 2157; x_wconf 84' lang='lat' dir='ltr'><strong>quaerenti,</strong></span> <span class='ocrx_word' id='word_1_112' title='bbox 1890 2077 2091 2158; x_wconf 90' lang='lat' dir='ltr'><strong>quot,</strong></span> <span class='ocrx_word' id='word_1_113' title='bbox 2153 2074 2414 2139; x_wconf 90' lang='lat' dir='ltr'><strong>ratione</strong></span> <span class='ocrx_word' id='word_1_114' title='bbox 2454 2074 2668 2142; x_wconf 90' lang='lat' dir='ltr'><strong>obiter</strong></span> <span class='ocrx_word' id='word_1_115' title='bbox 2706 2076 2869 2143; x_wconf 84' lang='lat' dir='ltr'><strong>inita</strong></span> <span class='ocrx_word' id='word_1_116' title='bbox 2887 2119 2910 2162; x_wconf 89' lang='lat'><strong>,</strong></span> <span class='ocrx_word' id='word_1_117' title='bbox 2976 2077 3044 2142; x_wconf 91' lang='lat' dir='ltr'><strong>in</strong></span> <span class='ocrx_word' id='word_1_118' title='bbox 3086 2074 3446 2142; x_wconf 82' lang='lat' dir='ltr'><strong>Germania</strong></span> <span class='ocrx_word' id='word_1_119' title='bbox 3485 2071 3838 2160; x_wconf 87' lang='lat' dir='ltr'><strong>quotannis</strong></span> <span class='ocrx_word' id='word_1_120' title='bbox 3880 2066 4308 2137; x_wconf 80' lang='lat' dir='ltr'><strong>conficiantur</strong></span> 
     </span>
     <span class='ocr_line' id='line_1_14' title="bbox 905 2189 4300 2290; baseline -0.001 -28"><span class='ocrx_word' id='word_1_121' title='bbox 905 2195 1165 2283; x_wconf 85' lang='lat' dir='ltr'><strong>duella,</strong></span> <span class='ocrx_word' id='word_1_122' title='bbox 1219 2203 1592 2285; x_wconf 77' lang='lat' dir='ltr'><strong>ponenteS,</strong></span> <span class='ocrx_word' id='word_1_123' title='bbox 1660 2206 1732 2266; x_wconf 89' lang='lat' dir='ltr'><strong>nt</strong></span> <span class='ocrx_word' id='word_1_124' title='bbox 1785 2200 2049 2266; x_wconf 88' lang='lat' dir='ltr'><strong>circiter</strong></span> <span class='ocrx_word' id='word_1_125' title='bbox 2089 2201 2349 2268; x_wconf 88' lang='lat' dir='ltr'><strong>ducena</strong></span> <span class='ocrx_word' id='word_1_126' title='bbox 2387 2199 2475 2267; x_wconf 93' lang='lat' dir='ltr'><strong>ad</strong></span> <span class='ocrx_word' id='word_1_127' title='bbox 2519 2207 2796 2271; x_wconf 89' lang='lat' dir='ltr'><strong>trecena</strong></span> <span class='ocrx_word' id='word_1_128' title='bbox 2845 2206 2916 2270; x_wconf 90' lang='lat' dir='ltr'><strong>in</strong></span> <span class='ocrx_word' id='word_1_129' title='bbox 2956 2198 3258 2290; x_wconf 87' lang='lat' dir='ltr'><strong>qualibet</strong></span> <span class='ocrx_word' id='word_1_130' title='bbox 3293 2202 3688 2290; x_wconf 83' lang='lat' dir='ltr'><strong>germanica</strong></span> <span class='ocrx_word' id='word_1_131' title='bbox 3739 2189 4083 2265; x_wconf 88' lang='lat' dir='ltr'><strong>aca&#39;demia</strong></span> <span class='ocrx_word' id='word_1_132' title='bbox 4121 2209 4300 2259; x_wconf 85' lang='lat' dir='ltr'><strong>com-</strong></span> 
     </span>
     <span class='ocr_line' id='line_1_15' title="bbox 906 2317 4310 2419; baseline -0.003 -27"><span class='ocrx_word' id='word_1_133' title='bbox 906 2326 1292 2412; x_wconf 81' lang='lat' dir='ltr'><strong>mittantur,</strong></span> <span class='ocrx_word' id='word_1_134' title='bbox 1360 2330 1539 2395; x_wconf 90' lang='lat' dir='ltr'><strong>circa</strong></span> <span class='ocrx_word' id='word_1_135' title='bbox 1600 2334 1926 2416; x_wconf 84' lang='lat' dir='ltr'><strong>quaterna</strong></span> <span class='ocrx_word' id='word_1_136' title='bbox 1965 2330 2051 2396; x_wconf 94' lang='lat' dir='ltr'><strong>ad</strong></span> <span class='ocrx_word' id='word_1_137' title='bbox 2093 2347 2264 2397; x_wconf 89' lang='lat' dir='ltr'><strong>sena</strong></span> <span class='ocrx_word' id='word_1_138' title='bbox 2305 2331 2543 2417; x_wconf 87' lang='lat' dir='ltr'><strong>millia,</strong></span> <span class='ocrx_word' id='word_1_139' title='bbox 2610 2331 2921 2419; x_wconf 84' lang='lat' dir='ltr'><strong>exceptis</strong></span> <span class='ocrx_word' id='word_1_140' title='bbox 2959 2330 3232 2396; x_wconf 89' lang='lat' dir='ltr'><strong>militum</strong></span> <span class='ocrx_word' id='word_1_141' title='bbox 3271 2333 3345 2395; x_wconf 90' lang='lat' dir='ltr'><strong>et</strong></span> <span class='ocrx_word' id='word_1_142' title='bbox 3380 2344 3653 2395; x_wconf 90' lang='lat' dir='ltr'><strong>munera</strong></span> <span class='ocrx_word' id='word_1_143' title='bbox 3687 2323 3956 2413; x_wconf 87' lang='lat' dir='ltr'><strong>publica</strong></span> <span class='ocrx_word' id='word_1_144' title='bbox 3991 2317 4310 2386; x_wconf 76' lang='lat' dir='ltr'><strong>adminis-</strong></span> 
     </span>
     <span class='ocr_line' id='line_1_16' title="bbox 904 2443 4312 2544; baseline -0.003 -25"><span class='ocrx_word' id='word_1_145' title='bbox 904 2455 1216 2521; x_wconf 87' lang='lat' dir='ltr'><strong>trantium</strong></span> <span class='ocrx_word' id='word_1_146' title='bbox 1274 2454 1517 2522; x_wconf 86' lang='lat' dir='ltr'><strong>duellis</strong></span> <span class='ocrx_word' id='word_1_147' title='bbox 1578 2460 1931 2544; x_wconf 87' lang='lat' dir='ltr'><strong>quotannis</strong></span> <span class='ocrx_word' id='word_1_148' title='bbox 1993 2458 2226 2525; x_wconf 86' lang='lat' dir='ltr'><strong>baberi</strong></span> <span class='ocrx_word' id='word_1_149' title='bbox 2292 2460 2692 2526; x_wconf 84' lang='lat' dir='ltr'><strong>invenimus.</strong></span> <span class='ocrx_word' id='word_1_150' title='bbox 2772 2458 3309 2544; x_wconf 78' lang='lat' dir='ltr'><strong>consequentias</strong></span> <span class='ocrx_word' id='word_1_151' title='bbox 3352 2474 3443 2523; x_wconf 83' lang='lat' dir='ltr'><strong>ex</strong></span> <span class='ocrx_word' id='word_1_152' title='bbox 3483 2457 3591 2522; x_wconf 87' lang='lat' dir='ltr'><strong>his</strong></span> <span class='ocrx_word' id='word_1_153' title='bbox 3633 2449 4103 2521; x_wconf 83' lang='lat' dir='ltr'><strong>certaminibus</strong></span> <span class='ocrx_word' id='word_1_154' title='bbox 4145 2443 4312 2511; x_wconf 84' lang='lat' dir='ltr'><strong>des·</strong></span> 
     </span>
     <span class='ocr_line' id='line_1_17' title="bbox 903 2583 4312 2677; baseline -0.004 -28"><span class='ocrx_word' id='word_1_155' title='bbox 903 2583 1280 2651; x_wconf 90' lang='lat' dir='ltr'><strong>cendentes</strong></span> <span class='ocrx_word' id='word_1_156' title='bbox 1321 2591 1738 2672; x_wconf 88' lang='lat' dir='ltr'><strong>reputantem</strong></span> <span class='ocrx_word' id='word_1_157' title='bbox 1781 2587 1952 2653; x_wconf 85' lang='lat' dir='ltr'><strong>baud</strong></span> <span class='ocrx_word' id='word_1_158' title='bbox 1996 2586 2262 2674; x_wconf 89' lang='lat' dir='ltr'><strong>quidem</strong></span> <span class='ocrx_word' id='word_1_159' title='bbox 2302 2586 2563 2677; x_wconf 78' lang='lat' dir='ltr'><strong>fugiet,</strong></span> <span class='ocrx_word' id='word_1_160' title='bbox 2628 2604 2967 2677; x_wconf 89' lang='lat' dir='ltr'><strong>perpauca</strong></span> <span class='ocrx_word' id='word_1_161' title='bbox 3007 2585 3375 2653; x_wconf 90' lang='lat' dir='ltr'><strong>duellorum</strong></span> <span class='ocrx_word' id='word_1_162' title='bbox 3416 2584 3487 2650; x_wconf 90' lang='lat' dir='ltr'><strong>in</strong></span> <span class='ocrx_word' id='word_1_163' title='bbox 3527 2588 3712 2649; x_wconf 84' lang='lat' dir='ltr'><strong>tanto</strong></span> <span class='ocrx_word' id='word_1_164' title='bbox 3754 2596 3978 2646; x_wconf 89' lang='lat' dir='ltr'><strong>eorum</strong></span> <span class='ocrx_word' id='word_1_165' title='bbox 4016 2587 4312 2649; x_wconf 88' lang='lat' dir='ltr'><strong>numero,</strong></span> 
     </span>
    </p>
   </div>
   <div class='ocr_carea' id='block_1_4' title="bbox 904 2706 4309 2929">
    <p class='ocr_par' dir='ltr' id='par_1_4' title="bbox 904 2706 4309 2929">
     <span class='ocr_line' id='line_1_18' title="bbox 904 2706 4309 2802; baseline 0.001 -26"><span class='ocrx_word' id='word_1_166' title='bbox 904 2714 1221 2799; x_wconf 88' lang='lat' dir='ltr'><strong>tantaque</strong></span> <span class='ocrx_word' id='word_1_167' title='bbox 1283 2714 1697 2783; x_wconf 87' lang='lat' dir='ltr'><strong>multitudine</strong></span> <span class='ocrx_word' id='word_1_168' title='bbox 1758 2715 2306 2784; x_wconf 75' lang='lat' dir='ltr'><strong>infaustissimam</strong></span> <span class='ocrx_word' id='word_1_169' title='bbox 2362 2715 2619 2785; x_wconf 86' lang='lat' dir='ltr'><strong>habere</strong></span> <span class='ocrx_word' id='word_1_170' title='bbox 2678 2718 2964 2802; x_wconf 79' lang='lat' dir='ltr'><strong>exitum,</strong></span> <span class='ocrx_word' id='word_1_171' title='bbox 3046 2722 3119 2782; x_wconf 89' lang='lat' dir='ltr'><strong>ut</strong></span> <span class='ocrx_word' id='word_1_172' title='bbox 3169 2715 3345 2782; x_wconf 87' lang='lat' dir='ltr'><strong>alter</strong></span> <span class='ocrx_word' id='word_1_173' title='bbox 3394 2711 3835 2801; x_wconf 83' lang='lat' dir='ltr'><strong>pugnantium</strong></span> <span class='ocrx_word' id='word_1_174' title='bbox 3893 2706 4309 2793; x_wconf 61' lang='lat' dir='ltr'><strong>praetium</strong></span> 
     </span>
     <span class='ocr_line' id='line_1_19' title="bbox 904 2828 4304 2929; baseline -0.004 -26"><span class='ocrx_word' id='word_1_175' title='bbox 904 2846 1113 2907; x_wconf 87' lang='lat' dir='ltr'><strong>morte</strong></span> <span class='ocrx_word' id='word_1_176' title='bbox 1153 2844 1584 2929; x_wconf 83' lang='lat' dir='ltr'><strong>opprimatur,</strong></span> <span class='ocrx_word' id='word_1_177' title='bbox 1660 2844 1786 2905; x_wconf 87' lang='lat' dir='ltr'><strong>sed</strong></span> <span class='ocrx_word' id='word_1_178' title='bbox 1825 2848 2173 2908; x_wconf 84' lang='lat' dir='ltr'><strong>maximam</strong></span> <span class='ocrx_word' id='word_1_179' title='bbox 2217 2859 2447 2903; x_wconf 88' lang='lat' dir='ltr'><strong>eorum</strong></span> <span class='ocrx_word' id='word_1_180' title='bbox 2485 2848 2743 2921; x_wconf 84' lang='lat' dir='ltr'><strong>partem</strong></span> <span class='ocrx_word' id='word_1_181' title='bbox 2780 2842 2982 2921; x_wconf 91' lang='lat' dir='ltr'><strong>plane</strong></span> <span class='ocrx_word' id='word_1_182' title='bbox 3024 2840 3172 2898; x_wconf 86' lang='lat' dir='ltr'><strong>sine</strong></span> <span class='ocrx_word' id='word_1_183' title='bbox 3216 2839 3611 2898; x_wconf 88' lang='lat' dir='ltr'><strong>detrimento</strong></span> <span class='ocrx_word' id='word_1_184' title='bbox 3657 2832 4070 2897; x_wconf 82' lang='lat' dir='ltr'><strong>valetudinis</strong></span> <span class='ocrx_word' id='word_1_185' title='bbox 4109 2828 4304 2893; x_wconf 86' lang='lat' dir='ltr'><strong>duel-</strong></span> 
     </span>
    </p>
   </div>
   <div class='ocr_carea' id='block_1_5' title="bbox 904 2955 4337 4993">
    <p class='ocr_par' dir='ltr' id='par_1_5' title="bbox 904 2955 4337 4993">
     <span class='ocr_line' id='line_1_20' title="bbox 904 2955 4302 3050; baseline -0.005 -16"><span class='ocrx_word' id='word_1_186' title='bbox 904 2970 1178 3037; x_wconf 87' lang='lat' dir='ltr'><strong>lantium</strong></span> <span class='ocrx_word' id='word_1_187' title='bbox 1216 2972 1403 3050; x_wconf 88' lang='lat' dir='ltr'><strong>fieri,</strong></span> <span class='ocrx_word' id='word_1_188' title='bbox 1470 2969 1891 3033; x_wconf 89' lang='lat' dir='ltr'><strong>nihilominus</strong></span> <span class='ocrx_word' id='word_1_189' title='bbox 1946 2982 2115 3032; x_wconf 90' lang='lat' dir='ltr'><strong>vero</strong></span> <span class='ocrx_word' id='word_1_190' title='bbox 2168 2966 2490 3047; x_wconf 88' lang='lat' dir='ltr'><strong>vulnera,</strong></span> <span class='ocrx_word' id='word_1_191' title='bbox 2529 2962 2799 3049; x_wconf 88' lang='lat' dir='ltr'><strong>-quibus</strong></span> <span class='ocrx_word' id='word_1_192' title='bbox 2840 2958 3125 3024; x_wconf 89' lang='lat' dir='ltr'><strong>sauciati</strong></span> <span class='ocrx_word' id='word_1_193' title='bbox 3164 2974 3287 3042; x_wconf 90' lang='lat' dir='ltr'><strong>per</strong></span> <span class='ocrx_word' id='word_1_194' title='bbox 3343 2961 3550 3024; x_wconf 86' lang='lat' dir='ltr'><strong>totam</strong></span> <span class='ocrx_word' id='word_1_195' title='bbox 3590 2956 3912 3043; x_wconf 84' lang='lat' dir='ltr'><strong>reliquam</strong></span> <span class='ocrx_word' id='word_1_196' title='bbox 3954 2955 4302 3027; x_wconf 87' lang='lat' dir='ltr'><strong>tabescunt</strong></span> 
     </span>
     <span class='ocr_line' id='line_1_21' title="bbox 909 3081 4303 3185; baseline -0.006 -20"><span class='ocrx_word' id='word_1_197' title='bbox 909 3097 1115 3165; x_wconf 85' lang='lat' dir='ltr'><strong>vitam</strong></span> <span class='ocrx_word' id='word_1_198' title='bbox 1156 3096 1520 3185; x_wconf 86' lang='lat' dir='ltr'><strong>praecipue</strong></span> <span class='ocrx_word' id='word_1_199' title='bbox 1563 3098 1631 3162; x_wconf 90' lang='lat' dir='ltr'><strong>in</strong></span> <span class='ocrx_word' id='word_1_200' title='bbox 1669 3095 2071 3177; x_wconf 82' lang='lat' dir='ltr'><strong>academiis,</strong></span> <span class='ocrx_word' id='word_1_201' title='bbox 2131 3094 2242 3161; x_wconf 89' lang='lat' dir='ltr'><strong>ubi</strong></span> <span class='ocrx_word' id='word_1_202' title='bbox 2296 3093 2665 3159; x_wconf 87' lang='lat' dir='ltr'><strong>litterarum</strong></span> <span class='ocrx_word' id='word_1_203' title='bbox 2714 3084 3001 3153; x_wconf 88' lang='lat' dir='ltr'><strong>studiosi</strong></span> <span class='ocrx_word' id='word_1_204' title='bbox 3060 3100 3194 3150; x_wconf 91' lang='lat' dir='ltr'><strong>non</strong></span> <span class='ocrx_word' id='word_1_205' title='bbox 3245 3082 3493 3172; x_wconf 79' lang='lat' dir='ltr'><strong>plagas</strong></span> <span class='ocrx_word' id='word_1_206' title='bbox 3547 3083 3672 3149; x_wconf 90' lang='lat' dir='ltr'><strong>sed</strong></span> <span class='ocrx_word' id='word_1_207' title='bbox 3730 3085 3901 3152; x_wconf 91' lang='lat' dir='ltr'><strong>ietus</strong></span> <span class='ocrx_word' id='word_1_208' title='bbox 3943 3081 4303 3173; x_wconf 73' lang='lat' dir='ltr'><strong>infligendo</strong></span> 
     </span>
     <span class='ocr_line' id='line_1_22' title="bbox 913 3209 4310 3310; baseline -0.006 -17"><span class='ocrx_word' id='word_1_209' title='bbox 913 3224 1331 3293; x_wconf 88' lang='lat' dir='ltr'><strong>contendere</strong></span> <span class='ocrx_word' id='word_1_210' title='bbox 1372 3224 1594 3293; x_wconf 86' lang='lat' dir='ltr'><strong>solent</strong></span> <span class='ocrx_word' id='word_1_211' title='bbox 1633 3223 1936 3291; x_wconf 89' lang='lat' dir='ltr'><strong>crebrius</strong></span> <span class='ocrx_word' id='word_1_212' title='bbox 1984 3220 2445 3310; x_wconf 72' lang='lat' dir='ltr'><strong>pugnantibus</strong></span> <span class='ocrx_word' id='word_1_213' title='bbox 2483 3216 2749 3298; x_wconf 82' lang='lat' dir='ltr'><strong>inferri,</strong></span> <span class='ocrx_word' id='word_1_214' title='bbox 2791 3212 2963 3280; x_wconf 87' lang='lat' dir='ltr'><strong>satis</strong></span> <span class='ocrx_word' id='word_1_215' title='bbox 3004 3228 3335 3298; x_wconf 90' lang='lat' dir='ltr'><strong>superque</strong></span> <span class='ocrx_word' id='word_1_216' title='bbox 3379 3215 3665 3278; x_wconf 83' lang='lat' dir='ltr'><strong>constat.</strong></span> <span class='ocrx_word' id='word_1_217' title='bbox 3745 3213 3983 3300; x_wconf 88' lang='lat' dir='ltr'><strong>Itaque</strong></span> <span class='ocrx_word' id='word_1_218' title='bbox 4023 3209 4310 3279; x_wconf 77' lang='lat' dir='ltr'><strong>duellum</strong></span> 
     </span>
     <span class='ocr_line' id='line_1_23' title="bbox 907 3338 4307 3441; baseline -0.006 -18"><span class='ocrx_word' id='word_1_219' title='bbox 907 3360 1284 3423; x_wconf 88' lang='lat' dir='ltr'><strong>nostrorum</strong></span> <span class='ocrx_word' id='word_1_220' title='bbox 1347 3358 1713 3441; x_wconf 90' lang='lat' dir='ltr'><strong>temporum</strong></span> <span class='ocrx_word' id='word_1_221' title='bbox 1769 3353 2030 3419; x_wconf 86' lang='lat' dir='ltr'><strong>macula</strong></span> <span class='ocrx_word' id='word_1_222' title='bbox 2096 3349 2255 3418; x_wconf 91' lang='lat' dir='ltr'><strong>mihi</strong></span> <span class='ocrx_word' id='word_1_223' title='bbox 2315 3345 2618 3431; x_wconf 89' lang='lat' dir='ltr'><strong>videtur,</strong></span> <span class='ocrx_word' id='word_1_224' title='bbox 2703 3361 2838 3432; x_wconf 89' lang='lat' dir='ltr'><strong>qna</strong></span> <span class='ocrx_word' id='word_1_225' title='bbox 2889 3341 3011 3410; x_wconf 82' lang='lat' dir='ltr'><strong>vix</strong></span> <span class='ocrx_word' id='word_1_226' title='bbox 3083 3343 3396 3426; x_wconf 77' lang='lat' dir='ltr'><strong>majorem</strong></span> <span class='ocrx_word' id='word_1_227' title='bbox 3457 3339 3871 3427; x_wconf 87' lang='lat' dir='ltr'><strong>eandemque</strong></span> <span class='ocrx_word' id='word_1_228' title='bbox 3939 3338 4307 3407; x_wconf 90' lang='lat' dir='ltr'><strong>hominibus</strong></span> 
     </span>
     <span class='ocr_line' id='line_1_24' title="bbox 904 3460 4310 3572; baseline -0.008 -16"><span class='ocrx_word' id='word_1_229' title='bbox 904 3487 1176 3556; x_wconf 88' lang='lat' dir='ltr'><strong>honoris</strong></span> <span class='ocrx_word' id='word_1_230' title='bbox 1215 3485 1548 3572; x_wconf 85' lang='lat' dir='ltr'><strong>animique</strong></span> <span class='ocrx_word' id='word_1_231' title='bbox 1609 3484 1833 3552; x_wconf 86' lang='lat' dir='ltr'><strong>cultus</strong></span> <span class='ocrx_word' id='word_1_232' title='bbox 1892 3480 2115 3571; x_wconf 86' lang='lat' dir='ltr'><strong>gradu</strong></span> <span class='ocrx_word' id='word_1_233' title='bbox 2169 3477 2627 3566; x_wconf 85' lang='lat' dir='ltr'><strong>superioribus</strong></span> <span class='ocrx_word' id='word_1_234' title='bbox 2678 3471 3156 3541; x_wconf 79' lang='lat' dir='ltr'><strong>adhaerentem</strong></span> <span class='ocrx_word' id='word_1_235' title='bbox 3213 3460 3491 3539; x_wconf 84' lang='lat' dir='ltr'><strong>citarem</strong></span> <span class='ocrx_word' id='word_1_236' title='bbox 3512 3512 3535 3551; x_wconf 90' lang='lat'><strong>,</strong></span> <span class='ocrx_word' id='word_1_237' title='bbox 3605 3471 3928 3555; x_wconf 88' lang='lat' dir='ltr'><strong>cujusque</strong></span> <span class='ocrx_word' id='word_1_238' title='bbox 3981 3464 4310 3534; x_wconf 85' lang='lat' dir='ltr'><strong>delendae</strong></span> 
     </span>
     <span class='ocr_line' id='line_1_25' title="bbox 906 3594 4319 3697; baseline -0.007 -17"><span class='ocrx_word' id='word_1_239' title='bbox 906 3611 1196 3680; x_wconf 88' lang='lat' dir='ltr'><strong>studium</strong></span> <span class='ocrx_word' id='word_1_240' title='bbox 1250 3613 1550 3677; x_wconf 78' lang='lat' dir='ltr'><strong>omnibus</strong></span> <span class='ocrx_word' id='word_1_241' title='bbox 1606 3609 1831 3697; x_wconf 90' lang='lat' dir='ltr'><strong>probis</strong></span> <span class='ocrx_word' id='word_1_242' title='bbox 1892 3615 1965 3677; x_wconf 89' lang='lat' dir='ltr'><strong>et</strong></span> <span class='ocrx_word' id='word_1_243' title='bbox 2021 3610 2215 3676; x_wconf 81' lang='lat' dir='ltr'><strong>bonis</strong></span> <span class='ocrx_word' id='word_1_244' title='bbox 2265 3623 2472 3673; x_wconf 82' lang='lat' dir='ltr'><strong>curae</strong></span> <span class='ocrx_word' id='word_1_245' title='bbox 2527 3601 2844 3689; x_wconf 87' lang='lat' dir='ltr'><strong>cordique</strong></span> <span class='ocrx_word' id='word_1_246' title='bbox 2917 3615 3079 3666; x_wconf 92' lang='lat' dir='ltr'><strong>esse</strong></span> <span class='ocrx_word' id='word_1_247' title='bbox 3139 3600 3427 3667; x_wconf 87' lang='lat' dir='ltr'><strong>debebit.</strong></span> <span class='ocrx_word' id='word_1_248' title='bbox 3534 3594 3746 3677; x_wconf 82' lang='lat' dir='ltr'><strong>Quum</strong></span> <span class='ocrx_word' id='word_1_249' title='bbox 3803 3596 4109 3682; x_wconf 81' lang='lat' dir='ltr'><strong>publica,</strong></span> <span class='ocrx_word' id='word_1_250' title='bbox 4185 3606 4319 3677; x_wconf 88' lang='lat' dir='ltr'><strong>qua</strong></span> 
     </span>
     <span class='ocr_line' id='line_1_26' title="bbox 907 3717 4320 3821; baseline -0.006 -13"><span class='ocrx_word' id='word_1_251' title='bbox 907 3756 1140 3808; x_wconf 86' lang='lat' dir='ltr'><strong>omnes</strong></span> <span class='ocrx_word' id='word_1_252' title='bbox 1199 3741 1503 3806; x_wconf 84' lang='lat' dir='ltr'><strong>fruantur</strong></span> <span class='ocrx_word' id='word_1_253' title='bbox 1559 3739 1893 3806; x_wconf 77' lang='lat' dir='ltr'><strong>securitas</strong></span> <span class='ocrx_word' id='word_1_254' title='bbox 1948 3737 2019 3803; x_wconf 88' lang='lat' dir='ltr'><strong>in</strong></span> <span class='ocrx_word' id='word_1_255' title='bbox 2091 3734 2370 3803; x_wconf 84' lang='lat' dir='ltr'><strong>civitate</strong></span> <span class='ocrx_word' id='word_1_256' title='bbox 2436 3750 2630 3821; x_wconf 80' lang='lat' dir='ltr'><strong>quam</strong></span> <span class='ocrx_word' id='word_1_257' title='bbox 2682 3728 2969 3801; x_wconf 80' lang='lat' dir='ltr'><strong>maxime</strong></span> <span class='ocrx_word' id='word_1_258' title='bbox 3020 3728 3113 3794; x_wconf 87' lang='lat' dir='ltr'><strong>sit</strong></span> <span class='ocrx_word' id='word_1_259' title='bbox 3178 3725 3552 3816; x_wconf 89' lang='lat' dir='ltr'><strong>spectanda</strong></span> <span class='ocrx_word' id='word_1_260' title='bbox 3595 3724 3890 3812; x_wconf 79' lang='lat' dir='ltr'><strong>singulis</strong></span> <span class='ocrx_word' id='word_1_261' title='bbox 3933 3723 4192 3789; x_wconf 88' lang='lat' dir='ltr'><strong>civibus</strong></span> <span class='ocrx_word' id='word_1_262' title='bbox 4232 3717 4320 3785; x_wconf 73' lang='lat' dir='ltr'><strong>ad</strong></span> 
     </span>
     <span class='ocr_line' id='line_1_27' title="bbox 912 3846 4326 3956; baseline -0.008 -17"><span class='ocrx_word' id='word_1_263' title='bbox 912 3870 1257 3939; x_wconf 84' lang='lat' dir='ltr'><strong>arbitrium</strong></span> <span class='ocrx_word' id='word_1_264' title='bbox 1298 3875 1370 3937; x_wconf 88' lang='lat' dir='ltr'><strong>et</strong></span> <span class='ocrx_word' id='word_1_265' title='bbox 1411 3869 1708 3956; x_wconf 86' lang='lat' dir='ltr'><strong>quelibet</strong></span> <span class='ocrx_word' id='word_1_266' title='bbox 1747 3867 1940 3935; x_wconf 87' lang='lat' dir='ltr'><strong>modo</strong></span> <span class='ocrx_word' id='word_1_267' title='bbox 1982 3883 2146 3934; x_wconf 89' lang='lat' dir='ltr'><strong>sese</strong></span> <span class='ocrx_word' id='word_1_268' title='bbox 2205 3861 2611 3930; x_wconf 84' lang='lat' dir='ltr'><strong>defendendi</strong></span> <span class='ocrx_word' id='word_1_269' title='bbox 2667 3861 3105 3947; x_wconf 91' lang='lat' dir='ltr'><strong>potestatem,</strong></span> <span class='ocrx_word' id='word_1_270' title='bbox 3168 3874 3299 3945; x_wconf 88' lang='lat' dir='ltr'><strong>qua</strong></span> <span class='ocrx_word' id='word_1_271' title='bbox 3350 3855 3772 3945; x_wconf 77' lang='lat' dir='ltr'><strong>singulorum</strong></span> <span class='ocrx_word' id='word_1_272' title='bbox 3811 3856 3969 3938; x_wconf 88' lang='lat' dir='ltr'><strong>jura</strong></span> <span class='ocrx_word' id='word_1_273' title='bbox 4028 3854 4097 3914; x_wconf 91' lang='lat' dir='ltr'><strong>et</strong></span> <span class='ocrx_word' id='word_1_274' title='bbox 4150 3846 4326 3913; x_wconf 90' lang='lat' dir='ltr'><strong>obli-</strong></span> 
     </span>
     <span class='ocr_line' id='line_1_28' title="bbox 910 3978 4324 4090; baseline -0.008 -22"><span class='ocrx_word' id='word_1_275' title='bbox 910 3999 1234 4090; x_wconf 70' lang='lat' dir='ltr'><strong>gationes</strong></span> <span class='ocrx_word' id='word_1_276' title='bbox 1276 3978 1814 4066; x_wconf 78' lang='lat' dir='ltr'><strong>turbarentur&#39;et</strong></span> <span class='ocrx_word' id='word_1_277' title='bbox 1861 3994 2425 4065; x_wconf 83' lang='lat' dir='ltr'><strong>confunderentur</strong></span> <span class='ocrx_word' id='word_1_278' title='bbox 2479 3988 2656 4057; x_wconf 90' lang='lat' dir='ltr'><strong>hand</strong></span> <span class='ocrx_word' id='word_1_279' title='bbox 2698 3985 3192 4055; x_wconf 88' lang='lat' dir='ltr'><strong>concedendam</strong></span> <span class='ocrx_word' id='word_1_280' title='bbox 3235 4003 3397 4054; x_wconf 88' lang='lat' dir='ltr'><strong>esse</strong></span> <span class='ocrx_word' id='word_1_281' title='bbox 3439 4002 3633 4052; x_wconf 89' lang='lat' dir='ltr'><strong>nemo</strong></span> <span class='ocrx_word' id='word_1_282' title='bbox 3677 3986 3816 4065; x_wconf 88' lang='lat' dir='ltr'><strong>est,</strong></span> <span class='ocrx_word' id='word_1_283' title='bbox 3888 3978 3999 4065; x_wconf 89' lang='lat' dir='ltr'><strong>qui</strong></span> <span class='ocrx_word' id='word_1_284' title='bbox 4040 3979 4324 4043; x_wconf 84' lang='lat' dir='ltr'><strong>conten-</strong></span> 
     </span>
     <span class='ocr_line' id='line_1_29' title="bbox 910 4100 4326 4215; baseline -0.008 -19"><span class='ocrx_word' id='word_1_285' title='bbox 910 4128 1051 4198; x_wconf 89' lang='lat' dir='ltr'><strong>dat.</strong></span> <span class='ocrx_word' id='word_1_286' title='bbox 1138 4128 1349 4211; x_wconf 80' lang='lat' dir='ltr'><strong>Quam</strong></span> <span class='ocrx_word' id='word_1_287' title='bbox 1409 4130 1491 4194; x_wconf 91' lang='lat' dir='ltr'><strong>ob</strong></span> <span class='ocrx_word' id='word_1_288' title='bbox 1550 4144 1825 4195; x_wconf 86' lang='lat' dir='ltr'><strong>causam</strong></span> <span class='ocrx_word' id='word_1_289' title='bbox 1881 4125 2062 4192; x_wconf 89' lang='lat' dir='ltr'><strong>nulla</strong></span> <span class='ocrx_word' id='word_1_290' title='bbox 2114 4126 2185 4190; x_wconf 87' lang='lat' dir='ltr'><strong>in</strong></span> <span class='ocrx_word' id='word_1_291' title='bbox 2224 4121 2507 4189; x_wconf 89' lang='lat' dir='ltr'><strong>civitate</strong></span> <span class='ocrx_word' id='word_1_292' title='bbox 2546 4115 2835 4215; x_wconf 70' lang='lat' dir='ltr'><strong>degenti</strong></span> <span class='ocrx_word' id='word_1_293' title='bbox 2871 4135 3059 4203; x_wconf 89' lang='lat' dir='ltr'><strong>quam</strong></span> <span class='ocrx_word' id='word_1_294' title='bbox 3118 4115 3501 4203; x_wconf 87' lang='lat' dir='ltr'><strong>respublica</strong></span> <span class='ocrx_word' id='word_1_295' title='bbox 3540 4116 3766 4197; x_wconf 90' lang='lat' dir='ltr'><strong>potest</strong></span> <span class='ocrx_word' id='word_1_296' title='bbox 3805 4110 4159 4194; x_wconf 84' lang='lat' dir='ltr'><strong>praestare</strong></span> <span class='ocrx_word' id='word_1_297' title='bbox 4198 4100 4326 4167; x_wconf 89' lang='lat' dir='ltr'><strong>de-</strong></span> 
     </span>
     <span class='ocr_line' id='line_1_30' title="bbox 911 4236 4328 4344; baseline -0.008 -19"><span class='ocrx_word' id='word_1_298' title='bbox 911 4260 1289 4328; x_wconf 80' lang='lat' dir='ltr'><strong>fensionem</strong></span> <span class='ocrx_word' id='word_1_299' title='bbox 1329 4257 1459 4324; x_wconf 90' lang='lat' dir='ltr'><strong>sibi</strong></span> <span class='ocrx_word' id='word_1_300' title='bbox 1493 4257 1625 4344; x_wconf 90' lang='lat' dir='ltr'><strong>ipsi</strong></span> <span class='ocrx_word' id='word_1_301' title='bbox 1671 4254 2012 4322; x_wconf 87' lang='lat' dir='ltr'><strong>vindicare</strong></span> <span class='ocrx_word' id='word_1_302' title='bbox 2054 4264 2166 4319; x_wconf 86' lang='lat' dir='ltr'><strong>est</strong></span> <span class='ocrx_word' id='word_1_303' title='bbox 2205 4251 2608 4336; x_wconf 88' lang='lat' dir='ltr'><strong>permissum</strong></span> <span class='ocrx_word' id='word_1_304' title='bbox 2709 4244 3060 4312; x_wconf 76' lang='lat' dir='ltr'><strong>Mirantem</strong></span> <span class='ocrx_word' id='word_1_305' title='bbox 3099 4246 3410 4331; x_wconf 88' lang='lat' dir='ltr'><strong>insuper,</strong></span> <span class='ocrx_word' id='word_1_306' title='bbox 3466 4241 3596 4306; x_wconf 82' lang='lat' dir='ltr'><strong>imo</strong></span> <span class='ocrx_word' id='word_1_307' title='bbox 3637 4236 4053 4323; x_wconf 83' lang='lat' dir='ltr'><strong>indignatum</strong></span> <span class='ocrx_word' id='word_1_308' title='bbox 4093 4248 4328 4321; x_wconf 89' lang='lat' dir='ltr'><strong>quem·</strong></span> 
     </span>
     <span class='ocr_line' id='line_1_31' title="bbox 916 4345 4332 4477; baseline -0.009 -24"><span class='ocrx_word' id='word_1_309' title='bbox 916 4406 1045 4473; x_wconf 88' lang='lat' dir='ltr'><strong>qne</strong></span> <span class='ocrx_word' id='word_1_310' title='bbox 1087 4391 1534 4477; x_wconf 88' lang='lat' dir='ltr'><strong>reputantem,</strong></span> <span class='ocrx_word' id='word_1_311' title='bbox 1604 4402 1647 4451; x_wconf 90' lang='lat' dir='ltr'><strong>a</strong></span> <span class='ocrx_word' id='word_1_312' title='bbox 1686 4382 1921 4471; x_wconf 91' lang='lat' dir='ltr'><strong>quibus</strong></span> <span class='ocrx_word' id='word_1_313' title='bbox 1977 4380 2348 4449; x_wconf 87' lang='lat' dir='ltr'><strong>hominibus</strong></span> <span class='ocrx_word' id='word_1_314' title='bbox 2413 4380 2537 4447; x_wconf 91' lang='lat' dir='ltr'><strong>hoc</strong></span> <span class='ocrx_word' id='word_1_315' title='bbox 2592 4345 2847 4445; x_wconf 76' lang='lat' dir='ltr'><strong>crimen</strong></span> <span class='ocrx_word' id='word_1_316' title='bbox 2909 4374 3318 4461; x_wconf 90' lang='lat' dir='ltr'><strong>potissimum</strong></span> <span class='ocrx_word' id='word_1_317' title='bbox 3376 4367 3633 4458; x_wconf 90' lang='lat' dir='ltr'><strong>petrari</strong></span> <span class='ocrx_word' id='word_1_318' title='bbox 3673 4362 3890 4429; x_wconf 88' lang='lat' dir='ltr'><strong>soleat</strong></span> <span class='ocrx_word' id='word_1_319' title='bbox 3930 4359 4332 4441; x_wconf 80' lang='lat' dir='ltr'><strong>invenimus,</strong></span> 
     </span>
     <span class='ocr_line' id='line_1_32' title="bbox 918 4486 4334 4604; baseline -0.009 -22"><span class='ocrx_word' id='word_1_320' title='bbox 918 4514 1095 4604; x_wconf 91' lang='lat' dir='ltr'><strong>quod</strong></span> <span class='ocrx_word' id='word_1_321' title='bbox 1137 4518 1251 4583; x_wconf 86' lang='lat' dir='ltr'><strong>illa</strong></span> <span class='ocrx_word' id='word_1_322' title='bbox 1291 4513 1656 4584; x_wconf 84' lang='lat' dir='ltr'><strong>certamina</strong></span> <span class='ocrx_word' id='word_1_323' title='bbox 1694 4511 1779 4578; x_wconf 90' lang='lat' dir='ltr'><strong>ab</strong></span> <span class='ocrx_word' id='word_1_324' title='bbox 1822 4508 2293 4579; x_wconf 86' lang='lat' dir='ltr'><strong>eruditissimis</strong></span> <span class='ocrx_word' id='word_1_325' title='bbox 2333 4513 2536 4596; x_wconf 92' lang='lat' dir='ltr'><strong>atque</strong></span> <span class='ocrx_word' id='word_1_326' title='bbox 2587 4505 2680 4574; x_wconf 87' lang='lat' dir='ltr'><strong>ad</strong></span> <span class='ocrx_word' id='word_1_327' title='bbox 2740 4503 3208 4573; x_wconf 82' lang='lat' dir='ltr'><strong>humanitatem</strong></span> <span class='ocrx_word' id='word_1_328' title='bbox 3262 4493 3634 4567; x_wconf 80' lang='lat' dir='ltr'><strong>informatis</strong></span> <span class='ocrx_word' id='word_1_329' title='bbox 3690 4492 4146 4571; x_wconf 78' lang='lat' dir='ltr'><strong>comittuntur,</strong></span> <span class='ocrx_word' id='word_1_330' title='bbox 4221 4486 4334 4573; x_wconf 87' lang='lat' dir='ltr'><strong>qui</strong></span> 
     </span>
     <span class='ocr_line' id='line_1_33' title="bbox 913 4613 4337 4731; baseline -0.004 -19"><span class='ocrx_word' id='word_1_331' title='bbox 913 4642 1121 4712; x_wconf 81' lang='lat' dir='ltr'><strong>animi</strong></span> <span class='ocrx_word' id='word_1_332' title='bbox 1175 4645 1601 4731; x_wconf 86' lang='lat' dir='ltr'><strong>corporisque</strong></span> <span class='ocrx_word' id='word_1_333' title='bbox 1655 4640 1930 4708; x_wconf 87' lang='lat' dir='ltr'><strong>sanitati</strong></span> <span class='ocrx_word' id='word_1_334' title='bbox 1988 4638 2394 4724; x_wconf 86' lang='lat' dir='ltr'><strong>consulturi,</strong></span> <span class='ocrx_word' id='word_1_335' title='bbox 2457 4637 2571 4726; x_wconf 87' lang='lat' dir='ltr'><strong>qui</strong></span> <span class='ocrx_word' id='word_1_336' title='bbox 2614 4639 2735 4722; x_wconf 80' lang='lat' dir='ltr'><strong>jus</strong></span> <span class='ocrx_word' id='word_1_337' title='bbox 2787 4632 3322 4717; x_wconf 81' lang='lat' dir='ltr'><strong>aequitatemque</strong></span> <span class='ocrx_word' id='word_1_338' title='bbox 3379 4626 3538 4690; x_wconf 80' lang='lat' dir='ltr'><strong>sunt</strong></span> <span class='ocrx_word' id='word_1_339' title='bbox 3577 4617 3918 4707; x_wconf 60' lang='lat' dir='ltr'><strong>questuri</strong></span> <span class='ocrx_word' id='word_1_340' title='bbox 3958 4632 4041 4682; x_wconf 74' lang='lat'><strong>⁸⁰</strong></span> <span class='ocrx_word' id='word_1_341' title='bbox 4080 4613 4337 4699; x_wconf 62' lang='lat' dir='ltr'><strong>“litun&#39;’</strong></span> 
     </span>
     <span class='ocr_line' id='line_1_34' title="bbox 916 4739 4335 4868; baseline -0.011 -23"><span class='ocrx_word' id='word_1_342' title='bbox 916 4775 1250 4868; x_wconf 83' lang='lat' dir='ltr'><strong>quibusve</strong></span> <span class='ocrx_word' id='word_1_343' title='bbox 1308 4769 1725 4841; x_wconf 81' lang='lat' dir='ltr'><strong>defendenda</strong></span> <span class='ocrx_word' id='word_1_344' title='bbox 1783 4770 1999 4860; x_wconf 86' lang='lat' dir='ltr'><strong>patria</strong></span> <span class='ocrx_word' id='word_1_345' title='bbox 2060 4775 2169 4837; x_wconf 86' lang='lat' dir='ltr'><strong>est</strong></span> <span class='ocrx_word' id='word_1_346' title='bbox 2231 4767 2650 4836; x_wconf 84' lang='lat' dir='ltr'><strong>demendata.</strong></span> <span class='ocrx_word' id='word_1_347' title='bbox 2752 4759 3079 4829; x_wconf 82' lang='lat' dir='ltr'><strong>Homines</strong></span> <span class='ocrx_word' id='word_1_348' title='bbox 3136 4755 3375 4827; x_wconf 89' lang='lat' dir='ltr'><strong>inculti</strong></span> <span class='ocrx_word' id='word_1_349' title='bbox 3423 4748 3838 4837; x_wconf 82' lang='lat' dir='ltr'><strong>politiorisve</strong></span> <span class='ocrx_word' id='word_1_350' title='bbox 3900 4739 4335 4808; x_wconf 84' lang='lat' dir='ltr'><strong>humanitatis</strong></span> 
     </span>
     <span class='ocr_line' id='line_1_35' title="bbox 913 4865 4336 4993; baseline -0.013 -17"><span class='ocrx_word' id='word_1_351' title='bbox 913 4908 1237 4993; x_wconf 85' lang='lat' dir='ltr'><strong>expertes</strong></span> <span class='ocrx_word' id='word_1_352' title='bbox 1281 4900 1432 4988; x_wconf 89' lang='lat' dir='ltr'><strong>quin</strong></span> <span class='ocrx_word' id='word_1_353' title='bbox 1477 4889 1651 4967; x_wconf 84' lang='lat' dir='ltr'><strong>nullo</strong></span> <span class='ocrx_word' id='word_1_354' title='bbox 1707 4900 1851 4967; x_wconf 86' lang='lat' dir='ltr'><strong>fere</strong></span> <span class='ocrx_word' id='word_1_355' title='bbox 1893 4904 2186 4988; x_wconf 90' lang='lat' dir='ltr'><strong>tempore</strong></span> <span class='ocrx_word' id='word_1_356' title='bbox 2222 4897 2410 4964; x_wconf 83' lang='lat' dir='ltr'><strong>rixas</strong></span> <span class='ocrx_word' id='word_1_357' title='bbox 2448 4897 2625 4962; x_wconf 89' lang='lat' dir='ltr'><strong>inter</strong></span> <span class='ocrx_word' id='word_1_358' title='bbox 2664 4907 2746 4959; x_wconf 84' lang='lat' dir='ltr'><strong>se</strong></span> <span class='ocrx_word' id='word_1_359' title='bbox 2786 4893 2971 4957; x_wconf 84' lang='lat' dir='ltr'><strong>ortas</strong></span> <span class='ocrx_word' id='word_1_360' title='bbox 3013 4886 3237 4956; x_wconf 88' lang='lat' dir='ltr'><strong>duello</strong></span> <span class='ocrx_word' id='word_1_361' title='bbox 3280 4882 3609 4948; x_wconf 88' lang='lat' dir='ltr'><strong>conserto</strong></span> <span class='ocrx_word' id='word_1_362' title='bbox 3650 4880 4045 4954; x_wconf 84' lang='lat' dir='ltr'><strong>componere</strong></span> <span class='ocrx_word' id='word_1_363' title='bbox 4084 4865 4336 4934; x_wconf 87' lang='lat' dir='ltr'><strong>studu-</strong></span> 
     </span>
    </p>
   </div>
  </div>
 </body>
</html>
