4782 6002
985 395 1111 477 10

967 597 1299 686 service,
1364 615 1508 692 que
1560 593 1715 692 j’ai
1782 593 1830 666 ὲ
1892 599 2213 694 present.
2284 589 2382 664 ²11
2429 589 2586 665 ιιιά
2643 587 2830 667 faiel·
2875 609 3236 666 renoncer
3295 590 3345 664 a
3391 593 3605 669 voire
3667 613 3819 669 aux
3883 595 4050 695 plus
4115 596 4409 695 grands

969 722 1300 820 princes,
1369 716 1660 815 afinque
1723 739 1854 816 eyo
1899 717 2040 787 sim
2098 715 2211 788 ian·
2253 710 2388 788 uiti
2458 714 2785 789 devotus.
2902 712 3006 787 Et
3055 721 3448 790 trouver-es
3495 719 3872 815 tousjours
3932 739 4076 816 que
4138 723 4228 818 je
4291 719 4407 794 lui

967 839 1312 944 garderai
1364 849 1562 917 cette
1603 837 1753 934 foi,
1824 845 1901 913 et
1964 835 2098 936 p'ai·
2148 859 2238 912 ce
2303 860 2445 934 qne
2486 840 2573 935 je
2622 839 2773 910 suis
2823 831 3221 910 Chi-estias
3284 843 3365 912 et
3412 857 3548 936 par
3593 859 3688 913 ee
3754 859 3906 937 que
3945 844 4033 940 je
4080 846 4230 916 suis
4279 841 4408 919 de

964 967 1055 1042 la
1103 963 1408 1042 Scala.
1527 962 1594 1035 Il
1645 983 1835 1036 vous
1884 960 2122 1059 plaira
2185 958 2564 1057 doneques
2628 984 2693 1032 m
2695 957 3057 1033 ’advertit
3125 983 3166 1031 s
3167 957 3255 1031 ἰι
3305 965 3423 1035 est
3467 983 3563 1035 en
3613 959 3956 1055 Franco,
4021 959 4200 1038 affin
4247 985 4410 1062 que

952 1095 1044 1190 je
1090 1090 1192 1163 lui
1244 1089 1557 1163 escrive.
1679 1082 1912 1158 Aussi
1972 1085 2059 1182 je
2109 1080 2357 1158 desire
2405 1089 2604 1157 estre
2656 1076 3167 1156 recommande
3216 1079 3383 1155 bien
3437 1081 3587 1157 fort
3654 1107 3700 1156 a
3748 1081 3825 1158 la
3861 1086 4117 1162 bonne
4166 1109 4407 1184 grace

964 1211 1062 1289 de
1110 1211 1253 1286 Mr.
1305 1205 1404 1285 de
1453 1204 1941 1282 Boistailli
2000 1204 2063 1295 ἲ)
2129 1212 2204 1279 et
2253 1205 2356 1278 lui
2409 1202 2608 1277 dires
2667 1228 2705 1276 s
2708 1203 2793 1276 ’il
2845 1225 3034 1278 vous
3088 1202 3343 1306 plaist,
3408 1219 3550 1301 que
3599 1210 3662 1280 si
3704 1212 3790 1308 je
3840 1208 3941 1284 lui
3995 1213 4158 1308 puis
4203 1199 4402 1286 faire

962 1338 1296 1426 service,
1369 1332 1485 1430 qu’
1499 1331 1552 1404 il
1580 1351 1712 1406 ·me
1759 1338 2116 1403 trouvera
2164 1330 2545 1425 tousjours
2604 1323 2827 1401 dedic
2890 1326 2938 1400 ιι
2983 1324 3088 1400 lui
3147 1335 3224 1401 et
3283 1348 3474 1424 pour
3536 1327 3855 1406 l’amour
3913 1330 4026 1426 ,de
4067 1329 4198 1407 feu
4245 1332 4400 1408 Mr.

963 1456 1063 1535 de
1111 1454 1599 1532 Boistailli
1651 1473 1790 1526 sou
1838 1472 2059 1548 pere,
2113 1456 2192 1524 et
2239 1471 2429 1547 pour
2476 1473 2565 1522 sa
2617 1456 2852 1525 vei-tu.
2955 1443 3111 1522 Car
3157 1445 3471 1525 encores
3522 1474 3663 1549 quc
3700 1455 3784 1550 j‘e
3834 1477 3931 1529 ne
3977 1451 4164 1531 l’aie
4201 1479 4400 1548 ven,

960 1586 1025 1655 si
1078 1589 1196 1657 est
1261 1600 1352 1655 ce
1418 1599 1560 1674 que
1608 1599 1757 1649 non
1804 1583 1957 1647 tam
2004 1595 2319 1646 averem
2364 1595 2590 1671 equos
2637 1580 2900 1646 nostra
2943 1560 3362 1672 eoljunffit
3398 1574 3493 1648 ab
3543 1577 3766 1663 urbe,
3838 1600 3984 1675 que
4042 1581 4126 1677 je
4189 1580 4398 1656 n’aie

962 1709 1086 1782 oui
1134 1704 1383 1804 parler
1431 1700 1527 1774 de
1577 1724 1664 1772 sa
1711 1695 2044 1771 doctrine
2097 1703 2176 1769 et
2222 1704 2464 1769 vertu.
2585 1693 2688 1770 Je
2739 1693 3140 1770 m’esbahis
3203 1693 3356 1772 fort
3415 1694 3513 1772 de
3558 1697 3705 1771 Mr.
3758 1699 4196 1795 Gau-desi,
4267 1706 4398 1799 qui

959 1852 1053 1904 ne
1090 1829 1177 1902 m’
1192 1827 1520 1916 oecrive,
1571 1821 1625 1894 il
1674 1843 1742 1893 m
1746 1820 1896 1894 ’est
1934 1815 2345 1893 redevable
2388 1815 2490 1893 de
2541 1817 2905 1916 plusieurs
2953 1817 3251 1911 lettres,
3304 1841 3445 1916 que
3487 1822 3575 1918 je
3627 1820 3730 1896 lui
3779 1825 3851 1896 ai
3901 1826 4165 1917 ωσι-ιι,
4215 1847 4396 1900 sans

961 1954 1173 2027 avoir
1241 1970 1466 2023 receu
1536 1943 1847 2017 aulcunc
1912 1962 2271 2038 response
2336 1938 2433 2014 de
2499 1940 2624 2014 lui.
2740 1940 2957 2014 Vons
3003 1940 3163 2016 l’en
3212 1943 3576 2017 avertires
3596 1994 3618 2035 ‚
3686 1944 3745 2018 s’
3771 1944 3822 2017 il
3885 1967 4078 2021 vous
4143 1946 4389 2046 plaist.

963 2076 1090 2150 Au
1142 2079 1341 2148 reste
1385 2074 1471 2169 je
1520 2090 1712 2142 vous
1762 2067 1920 2163 prie
1968 2085 2113 2160 que
2162 2072 2422 2137 vostre
2475 2061 2800 2137 Serum-5
2842 2086 2990 2137 mm
3031 2064 3265 2138 lateat
3309 2063 3608 2140 diutius.
3685 2065 3832 2144 Et
3879 2090 4023 2164 que
4072 2092 4268 2146 vous
4316 2071 4392 2146 le

960 2198 1197 2276 facies
1247 2195 1611 2291 imprimer
1657 2190 1733 2264 le
1782 2187 2097 2286 plustot,
2148 2207 2289 2281 que
2344 2205 2534 2258 vous
2584 2206 2919 2283 pourroe.
3022 2184 3121 2259 Et
3168 2208 3286 2260 me
3335 2184 3845 2263 recommande
3891 2189 4060 2264 bien
4111 2190 4282 2265 fort.

1159 2319 1304 2395 Mr.
1347 2319 1437 2414 je
1482 2316 1642 2414 prie
1693 2312 1886 2386 Dieu
1936 2330 2128 2384 vous
2178 2304 2464 2381 donner
2514 2328 2609 2382 en
2655 2308 2869 2382 sante
2920 2306 3162 2383 bonne
3214 2315 3291 2383 et
3342 2307 3614 2407 longae
3665 2314 3815 2385 vie.
3873 2337 3878 2340 ·

1157 2442 1281 2516 De
1328 2425 1555 2512 Basle
1605 2457 1695 2511 ce
1744 2425 2067 2533 premier
2100 2429 2367 2506 Juillet
2424 2433 2677 2503 15⁷4.

1156 2562 1260 2640 Je
1307 2585 1498 2638 vous
1546 2561 1707 2659 prie
1759 2557 1993 2648 aussi,
2062 2556 2129 2627 si
2176 2575 2371 2628 vous
2421 2574 2673 2651 voyez
2721 2550 2867 2625 Mr.
2920 2549 3018 2628 de
3068 2550 3146 2627 la
3193 2550 3798 2652 Bochepozai
3855 2551 3964 2648 ⁸),
4039 2555 4141 2632 lui
4193 2557 4406 2640 faire·

972 2711 1123 2766 mes
1162 2695 1328 2782 tres
1376 2681 1705 2760 humbles
1756 2673 2484 2755 recommendationis.

2202 2796 2480 2872 Vostre
2530 2798 2767 2878 entier
2816 2798 2956 2870 ami
3006 2821 3052 2870 a
3100 2819 3291 2872 vous
3340 2801 3586 2874 servir

3118 2918 3479 3022 Joseph
3543 2919 3653 2999 de
3717 2919 3806 2996 la
3873 2920 4176 2999 Scala.

1744 3209 1751 3215 “
1841 3194 1939 3269 11.
2038 3191 2419 3290 Joseplam
2467 3187 2819 3289 Scaliger
2865 3187 3173 3267 Darde&
3215 3214 3353 3265 suo
3406 3189 3498 3268 S.
3535 3216 3544 3222 ’

1156 3401 1599 3496 Quamquam
1647 3387 2073 3490 smpicaba‘r
2138 3398 2231 3462 te·
2260 3385 2644 3463 Aureliam
2703 3385 3091 3483 reliquisse
3111 3439 3133 3477 ,
3201 3408 3349 3462 non
3416 3393 3656 3461 tamen
3714 3380 3899 3461 satis
3967 3388 4133 3463 mihi
4191 3389 4402 3475 fide-s

961 3530 1148 3605 bam.
1265 3520 1489 3598 Nunc
1552 3540 1760 3615 quum
1814 3509 2033 3587 audio
2104 3518 2182 3585 te
2232 3508 2579 3584 Lutetiae
2642 3529 2851 3603 esse,
2921 3516 3038 3585 est
3107 3507 3301 3607 quod
3365 3509 3701 3605 gratuler
3766 3509 3934 3587 mihi
4000 3514 4380 3610 utriusque
4523 3616 4532 3623 ο

960 3672 1221 3737 causa,
1298 3652 1376 3719 et
1426 3637 1627 3737 quod
1677 3647 1750 3712 te
1803 3658 1905 3710 ex
1953 3632 2418 3710 acerbissimo
2466 3632 2721 3709 morbo
2772 3631 3173 3729 collegisse
3226 3628 3380 3726 (⁶3)
3427 3628 3658 3706 video
3709 3643 3787 3707 et
3819 3631 4034 3730 ‘quod
4084 3634 4185 3708 ibi
4234 3638 4370 3727 sis,

962 3773 1087 3850 ubi
1156 3766 1443 3844 absenti
1503 3761 1675 3837 mihi
1736 3758 2029 3858 opellae
2106 3753 2381 3852 aliquid
2445 3754 2568 3831 hic
2634 3753 3096 3835 commodare
3163 3760 3381 3852 potes
3455 3756 3527 3827 in
3594 3748 3919 3833 editione
3984 3756 4156 3831 liin-i
4215 3758 4376 3837 mei.

956 3894 1191 3987 Quem
1258 3912 1391 3965 cur
1459 3892 1731 3959 tantum
1794 3880 1923 3955 tibi
1992 3876 2520 3971 commendem,
2589 3881 2682 3951 mi
2729 3875 3061 3981 Daniel?
3132 3878 3292 3951 scio
3362 3875 3490 3950 tibi
3555 3897 3780 3951 curae
3837 3874 4003 3953 fore
4070 3901 4214 3954 non
4264 3882 4376 3954 sui

955 4015 1096 4095 sed
1141 3998 1497 4089 amicitiae
1545 4011 1845 4080 nostrae
1876 3999 2524 4077 commendatione,
2631 3997 2889 4075 Omnia
2925 4002 3083 4098 jam
3133 3997 3420 4096 plenius
3469 4006 3690 4085 antea
3737 3996 4056 4083 Pithoeo
4095 4009 4379 4077 nostro.

958 4141 1087 4216 Ex
1134 4159 1230 4214 eo
1282 4140 1506 4209 totam
1556 4151 1707 4204 rem
1760 4145 2214 4223 cognosces,
2288 4131 2418 4199 out
2459 4126 2614 4222 jam
2667 4123 3089 4217 cognovisti
3157 4128 3360 4219 puto.
3477 4120 3601 4195 Tu
3653 4143 3862 4221 quam
3914 4128 4213 4221 primum
4276 4121 4379 4197 ad

956 4287 1070 4340 me
1120 4256 1527 4337 rescribito.
1627 4250 1731 4325 Et
1794 4251 1857 4323 si
1912 4245 2085 4345 quid
2124 4248 2311 4321 'novi
2360 4268 2463 4323 ex
2493 4243 2718 4318 Italia
2766 4239 3158 4319 advectum
3209 4249 3340 4317 aut
3376 4239 3590 4317 isthic
3623 4251 3906 4337 natum,
3959 4243 4377 4321 admoneto.

1042 4504 1117 4581 7)
1199 4502 1282 4564 De
1324 4496 1777 4561 Boetallerio
1821 4491 2195 4569 [Boistaille),
2239 4492 2400 4567 patre
2440 4486 2566 4563 lilii,
2607 4487 2765 4561 cujus
2804 4483 3049 4569 Scaliger
3088 4488 3277 4549 noslm
3316 4485 3442 4547 loeo
3482 4444 3810 4549 inentiom
3845 4486 4010 4565 neit
4050 4485 4214 4550 ‹10020
4255 4487 4381 4551 cus..

1204 4610 1378 4670 seruit
1418 4603 1807 4666 Muellerus
1847 4603 1902 4659 in
1945 4599 2207 4659 analectis
2249 4593 2633 4655 chensibuS.

1035 4743 1153 4822 8)-
1193 4741 1277 4802 De
1330 4739 1787 4814 Rupipozaeo
1845 4730 1966 4807 (La
2008 4722 2242 4789 Roche-
2257 4724 2468 4798 Pozai)
2524 4698 2757 4800 p'atrono
2808 4725 2868 4781 et
2921 4724 3096 4782 amico
3153 4720 3417 4798 scaligeri
3475 4714 3762 4785 conferas.
3787 4722 4053 4800 scaligeri
4109 4722 4382 4802 epistolas

1203 4842 1595 4924 (Francosurti.
1643 4839 1818 4899 1628.
1861 4837 1954 4910 8.)
2014 4851 2069 4911 p.
2115 4834 2211 4891 47.
2266 4833 2356 4890 lib
2403 4829 2441 4889 1.
2551 4824 2688 4905 „Ab
2730 4842 2903 4903 anno,
2946 4830 3149 4905 inquit,
3196 4828 3390 4903 1563,
3433 4842 3505 4887 ex
3547 4845 3658 4905 quo
3698 4831 3772 4888 ιιι
3792 4828 4152 4889 contubernio
4194 4845 4379 4906 gene-

1198 4955 1313 5014 rosi
1354 4949 1615 5013 Ludoviei
1659 4946 1913 5007 castanei
1953 4938 2291 5016 Rupipozaei
2333 4924 2461 4994 ess‘e
2503 4936 2692 5010 coepi,
2701 4926 2806 4993 ad
2847 4933 2990 4993 hunc
3031 4950 3207 5012 usque
3248 4932 3390 4994 diem
3431 4934 3696 5010 (1594),
3745 4932 3950 4994 miltun
3979 4936 4204 5011 tempus
4247 4935 4382 4996 mihi

1194 5064 1290 5121 aut
1330 5075 1364 5118 a
1404 5048 1991 5134 peregrinationibus(
2016 5050 2110 5107 aut
2151 5044 2241 5104 ab
2262 5043 2426 5101 mni
2466 5039 2970 5116 perturbationibus
3012 5056 3243 5101 vaenum
3273 5041 3445 5105 luisse
3485 5043 3732 5117 ιιιοιιιιιι,
3777 5045 3839 5101 u
3877 5041 4154 5102 minuit
4171 5042 4378 5103 intelli-

1198 5171 1359 5247 gant,
1402 5166 1601 5238 otium,
1645 5156 1795 5239 quod
1834 5159 1972 5235 ipsis
2016 5152 2087 5215 ad
2124 5147 2554 5212 maledicendum
2593 5140 2867 5226 superfuit
2883 5196 2897 5225 ,
2940 5150 3098 5210 nobis
3140 5164 3367 5227 semper
3405 5145 3475 5209 ad
3515 5144 3854 5208 discendun-
3873 5145 4181 5208 defuisseOE
