4782 6002
555 712 806 802 terest,
860 703 1031 805 quid
1080 705 1471 804 imperator
1517 699 1615 776 de
1655 704 1827 801 jure
1875 707 2020 775 tum
2068 706 2417 803 temporis
2466 704 2760 806 publico
2808 705 2941 782 vel
3004 704 3102 782 de
3150 705 3355 801 regia
3419 707 3795 803 majestate
3844 707 3970 783 vel
4101 779 4108 783 .

558 849 655 926 de
702 845 1242 946 magistratibus
1291 864 1677 941 eorumque
1727 840 1990 916 officiis
2049 842 2471 943 protulerit,
2549 869 2793 945 parum
2858 847 3021 944 ipse
3085 848 3214 944 jus
3279 843 3741 923 Constantini
3813 872 3969 923 mu-

555 993 739 1068 tans.
837 985 1106 1082 Neque
1176 980 1496 1058 dicamus
1563 981 1660 1058 de
1726 983 1819 1056 iis
1889 1003 2072 1080 quae
2135 980 2628 1060 Jmtaufanus
2693 986 3143 1061 confirmavit
3207 1007 3275 1061 e.
3343 1009 3418 1084 g.
3486 989 3562 1060 in
3624 986 3801 1085 lege
3853 986 3969 1062 nl·-

557 1131 727 1206 tima
774 1124 872 1201 de
920 1126 1194 1225 pactis,
1245 1121 1381 1198 sed
1430 1124 1502 1197 in
1553 1125 1644 1196 iis
1696 1123 1930 1198 solum
1981 1127 2469 1218 immoramur,
2525 1148 2706 1223 quae
2756 1127 3171 1208 immutavit,

576 1237 581 1244 ἱ
759 1268 846 1342 In
922 1263 1249 1341 secundo
1324 1261 1512 1337 libro
1565 1261 1871 1340 Codicis
1940 1267 2308 1340 constituit
2374 1264 2470 1340 de
2540 1268 2612 1340 in
2677 1268 3025 1362 integrum
3110 1267 3558 1341 restitutione
3592 1270 3661 1362 1)
3746 1267 3974 1360 (inter

562 1428 749 1507 quae
794 1406 1110 1504 loquitur
1163 1401 1259 1478 de
1309 1406 1605 1477 notione
1655 1403 2024 1500 legitimae
2071 1403 2207 1480 vel
2268 1405 2640 1506 perfectae
2709 1406 2988 1480 aetatis.
3037 1404 3087 1477 l.
3138 1403 3412 1504 penult.
3464 1414 3541 1479 et
3588 1404 3717 1487 ult.
3770 1403 3967 1488 cod.

476 1599 487 1604 -
561 1551 635 1623 2.
684 1547 847 1640 45.)
898 1568 1165 1619 novam
1200 1543 1440 1642 legem
1489 1542 1632 1618 fert
1680 1552 2053 1644 pactorum
2104 1548 2430 1620 initorum
2483 1567 2644 1619 cum
2692 1544 2982 1619 arbitris
3018 1547 3723 1644 comprommissariis
3776 1545 3863 1640 (l.
3900 1547 3970 1621 4.

561 1688 635 1763 5.
687 1683 884 1763 cod.
933 1689 1005 1758 2.
1055 1684 1268 1777 5603
1342 1686 1797 1783 negotiorum
1864 1691 2231 1783 gestorum
2293 1687 2691 1778 actionem,
2756 1686 2859 1759 uti
2912 1686 3062 1783 jam
3112 1684 3570 1785 protulimus,
3633 1686 3845 1762 fovet
3892 1696 3973 1762 et

564 1823 915 1904 extendit.
971 1823 1056 1915 (l.
1108 1823 1228 1896 4⁷.
1279 1832 1352 1911 S.
1408 1821 1477 1896 1.
1526 1824 1624 1897 D.
1674 1823 1748 1897 3.
1799 1825 1870 1898 5.
1922 1830 1995 1900 et
2042 1825 2092 1904 l.
2147 1824 2271 1900 ult.
2318 1822 2513 1900 Cod.
2566 1826 2639 1904 2.
2694 1823 2849 1916 19.)
3011 1919 3016 1924 q

572 1941 581 1949 ²
765 1964 849 2038 ln
898 1965 1117 2038 tertio
1168 1961 1476 2039 Codicis
1544 1962 1730 2036 libro
1782 1960 2126 2061 quaedam
2178 1964 2273 2039 de
2321 1964 2455 2039 lite
2519 1963 2942 2064 peragenda
3003 1968 3401 2039 statuuntur
3461 1989 3537 2040 v.
3588 1988 3653 2040 c.
3703 1963 3799 2040 de
3849 1966 3977 2041 lite

567 2107 877 2182 triennio
926 2103 1284 2199 finienda,
1352 2103 1448 2179 de
1500 2108 1961 2180 recusatione
2002 2103 2311 2203 judicis,
2394 2103 2490 2180 de
2538 2104 2703 2206 plus
2751 2105 3215 2204 petitionibus
3265 2110 3340 2179 et
3407 2104 3502 2179 de
3573 2107 3980 2202 juramento

568 2245 966 2322 calumniae
1052 2241 1283 2338 (cod.
1337 2248 1404 2329 2,
1482 2244 1604 2338 59.
1649 2244 1703 2318 1.
1766 2243 1940 2319 3—
1969 2243 2088 2321 18.
2140 2244 2334 2326 cod.
2387 2244 2458 2319 3.
2511 2243 2677 2338 1.)=
2750 2254 2896 2320 tum
2943 2268 3143 2321 nova
3218 2243 3648 2320 exhibentur
3695 2247 3769 2319 in
3809 2246 3981 2343 jure

567 2388 879 2488 privato.

766 2549 857 2645 1)
910 2548 1390 2652 Inofficicsae
1438 2549 1649 2648 leges
1681 2549 1878 2625 latae
1926 2554 2091 2624 sunt
2142 2548 2237 2624 de
2285 2553 2699 2652 inofficioso
2752 2555 3202 2626 testamento.
3267 2547 3356 2624 In
3404 2549 3577 2646 lege
3625 2553 3986 2626 tricesima

572 2690 750 2767 facit
821 2688 1314 2792 Justinianus
1382 2690 1612 2765 verba
1677 2693 1854 2785 „vel
1911 2693 2060 2765 alio
2124 2691 2339 2765 modo
2402 2691 3035 2765 subvertendum“
3108 2689 3621 2792 interpretibus
3695 2688 3990 2766 difficil-

569 2830 779 2921 lima3
846 2833 918 2904 in
968 2830 1140 2929 lege
1190 2832 1548 2906 tricesima
1599 2834 1839 2930 quinta
1875 2833 2480 2907 transmissionem
2524 2836 2595 2906 in
2638 2830 2949 2906 heredes
3000 2829 3295 2904 heredis
3347 2834 3751 2924 constituit,
3807 2855 3990 2929 quae

574 2971 708 3047 lex
770 2973 1052 3047 inimica
1113 2969 1405 3047 videtur
1468 2971 1620 3070 legi
1672 2943 2075 3049 vicesimae
2118 2972 2488 3049 secundae
2538 2982 2637 3062 §o
2687 2974 2959 3073 primae
2999 2970 3163 3048 cod.
3215 2968 3311 3047 de
3351 2974 3521 3071 jure
3568 2970 3985 3047 deliberan-

579 3112 705 3203 di3
758 3114 831 3186 in
881 3112 1053 3211 lege
1102 3116 1466 3190 tricesima
1512 3116 1816 3215 septima
1866 3110 1961 3188 de
2012 3117 2213 3213 quasi
2265 3115 2617 3189 castrensi
2679 3113 2971 3214 peculio
3039 3110 3359 3215 disputat
3424 3113 3582 3189 sine
3647 3118 3990 3213 respectu

577 3257 971 3329 castrensis
1018 3254 1311 3354 peculii.
2288 3221 2291 3224 .

608 3518 617 3527 ,
782 3420 869 3510 2)
924 3415 1420 3517 Imprudenter
1488 3418 1849 3494 collectae
1918 3422 2083 3493 sunt
2157 3420 2713 3495 constitutiones
2786 3418 2965 3493 tituli
3042 3419 3386 3493 tricesimi
3466 3419 3697 3519 primi,
3822 3417 3993 3492 Nec

582 3558 849 3632 uostris
920 3558 1361 3658 temporibus
1428 3558 1731 3633 historia
1798 3556 2224 3634 hereditatis
2293 3561 2662 3659 petitionis
2686 3612 2707 3653 ,
2795 3581 2979 3656 quae
3043 3563 3283 3633 mia-ta
3340 3560 3764 3658 personalis
3798 3562 3867 3650 ²>
3921 3567 3998 3632 et

584 3694 820 3771 bonae
891 3698 1073 3799 fidei
1142 3706 1299 3792 est,
1371 3701 1547 3773 satis
1613 3697 2062 3797 intelligitur.
2182 3699 2352 3799 Ipse
2408 3696 2899 3772 Justiniames
2965 3696 3340 3773 infaustam
3411 3700 3994 3779 constitutionem

588 3835 790 3911 dedit
824 3840 935 3931 ⁸),
1002 3837 1190 3914 hauc
1251 3842 1605 3915 actionem
1669 3847 1997 3936 tanquam
2061 3836 2480 3937 generalem
2547 3838 3053 3938 personalibus
3116 3839 3516 3913 actionibus
3584 3841 3787 3936 quasi
3855 3837 3990 3912 ad-

591 3971 821 4068 didit,
890 3974 1127 4052 bonae
1189 3976 1360 4052 fidei
1425 3982 1781 4054 actionem
1852 3985 1981 4074 (ne
2033 3981 2101 4054 in
2151 3990 2516 4081 posterum
2570 3954 2968 4074 dubitetur)
3041 3981 3446 4073 constituit,
3526 4002 3670 4055 non
3751 3977 3994 4054 addita

588 4116 914 4211 ratione,
969 4139 1101 4192 cur
1148 4121 1347 4218 prius
1399 4117 1785 4195 dubitatum
1834 4122 1951 4194 sit.
2282 4107 2288 4113 ⁸
2899 4120 2902 4123 ’

753 4433 836 4509 1)
878 4439 1183 4503 Minorum
1224 4440 1265 4496 l.
1308 4442 1424 4503 ult.
1467 4440 1616 4498 Cod.
1666 4440 1729 4498 2.
1770 4440 1890 4503 41.
1934 4441 1978 4497 1.
2021 4441 2132 4497 ult.
2175 4438 2304 4497 cod.
2356 4440 2424 4497 2.
2468 4441 2588 4499 47.
2630 4443 2677 4500 l.
2722 4442 2834 4503 ult.
2880 4442 3011 4498 cod.
3055 4441 3115 4500 2.
3161 4438 3276 4499 δί’.
3393 4442 3485 4501 Ilo
3541 4453 3696 4497 anno
3759 4438 3893 4496 utili
3945 4438 4005 4495 in
4083 4415 4090 4422 ⁵

593 4541 1059 4616 quadriennium
1101 4547 1453 4605 continuum
1495 4548 1802 4603 transfuso
1843 4544 1886 4603 l.
1928 4544 2040 4602 ult.
2085 4543 2232 4603 cod.
2284 4545 2349 4601 2.
2394 4546 2511 4603 58.

754 4666 838 4746 2)
882 4673 923 4731 1.
970 4674 1037 4730 7.
1078 4674 1222 4732 cod.
1267 4676 1330 4733 h.
1375 4680 1421 4738 t.
1508 4678 1825 4736 Bossnuu·
1865 4674 2168 4736 zeitschr.
2212 4679 2348 4733 tom.
2388 4676 2502 4734 lv.
2540 4673 2603 4731 in
2644 4676 2781 4732 tine.

758 4798 842 4874 3)
882 4803 923 4860 l.
971 4803 1082 4862 ult.
1129 4804 1280 4863 Cod-
1323 4805 1378 4864 h.
1422 4810 1464 4865 t.
