4782 6002
13 5595 27 5772 -..,,,,-.--,

762 562 897 638 24

1954 751 2124 835 De
2214 751 2984 857 conjunctis.

963 895 1363 1006 conjuncti
1416 902 1616 1001 legis
1675 903 1937 978 unicae
1996 907 2167 978 sunt
2221 901 2458 976 solum
2515 903 2611 996 ii,
2664 904 2787 999 qni
2843 923 2923 977 re
2979 905 3057 978 et
3102 897 3358 977 verbis
3406 898 3536 976 vel
3579 903 3995 1003 promiscue
4048 904 4178 983 vei

762 1048 1035 1123 mixtim
1097 1044 1470 1143 conjuncti
1549 1063 1650 1116 ex
1721 1040 1896 1140 lege
1951 1038 2175 1117 Julia
2218 1049 2298 1119 et
2341 1040 2442 1128 Ρ
2496 1040 2598 1121 Ρ.
2645 1037 3038 1136 habentur,
3106 1039 3517 1140 nullumque
3565 1040 3849 1118 obtinet
3913 1042 4182 1122 discri-

764 1170 930 1263 men
985 1188 1172 1259 inter
1227 1180 1792 1258 vindicationem
1848 1188 1929 1256 et
1996 1177 2586 1280 damnationem,-
2623 1184 2791 1280 quia
2831 1182 3225 1283 Imperator
3283 1183 3364 1256 in
3425 1181 3599 1279 lege
3665 1184 3923 1278 unica,
3999 1205 4184 1282 quae

763 1326 988 1403 tribus
1050 1324 1237 1399 fere
1279 1324 1489 1398 annis
1558 1326 1729 1423 post
1806 1320 2048 1419 legem
2110 1320 2564 1396 secundam
2561 1345 3040 1417 ,mammam
3083 1321 3179 1396 de
3227 1322 3550 1422 legam-ff
3615 1320 3767 1396 lata
3819 1329 3973 1418 est,
4040 1323 4183 1428 jam
4242 1369 4256 1393 .

762 1468 1023 1542 mentis
1072 1485 1251 1539 suae
1287 1461 1382 1537 de
1426 1463 1701 1560 legatis
1760 1464 2187 1559 exaequatis
2224 1469 2449 1538 tenax
2509 1462 2670 1546 fuit.
2770 1459 2972 1540 Idem
3021 1461 3226 1537 valet
3266 1463 3339 1536 in
3389 1459 3995 1538 fideicommisds.

776 1701 783 1710 .
961 1607 1078 1682 Re
1131 1606 1505 1705 conjuncti
1558 1613 1727 1681 sunt
1789 1604 2140 1705 disjuncti
2206 1604 2340 1682 vel
2409 1603 2765 1703 separati:
2831 1600 3165 1699 legatarii
3229 1603 3418 1676 enim
3479 1599 3672 1675 tales
3739 1603 3816 1677 iu
3871 1599 4183 1680 solidam

763 1769 918 1824 rem
962 1747 1121 1822 sine
1172 1746 1689 1845 conjunctione
1742 1747 1991 1821 vocati
2044 1752 2247 1839 sunt,
2312 1766 2454 1820 nec
2511 1742 2821 1837 sufficit,
2895 1740 3092 1841 qnod
3137 1742 3482 1817 Hmsnnn
3535 1741 3754 1817 talem
3815 1741 4182 1846 conjunc-

765 1890 1032 1964 tionem
1092 1888 1296 1985 qnasi
1369 1885 1489 1989 jus
1570 1908 1718 1962 non
1794 1882 2274 1962 decrescendi
2333 1882 2602 1960 definit.
2703 1880 3155 1987 conjunctio
3216 1880 3406 1958 haec
3475 1884 3552 1956 in
3613 1883 3950 1981 Digestis
4013 1888 4183 1958 tunc

636 2139 641 2148 ι
764 2026 933 2104 ideo
980 2025 1269 2127 prolata
1317 2034 1433 2101 est
1477 2028 1645 2125 quia
1692 2025 1788 2101 ad
1841 2033 2141 2102 mentem
2191 2026 2391 2125 legis
2451 2022 2719 2100 Julius
2768 2029 2842 2101 et
2887 2022 2994 2100 Ρ.
3035 2019 3136 2098 Ρ.
3192 2029 3677 2123 respexerunt
3743 2017 4214 2121 compilato?

762 2187 888 2243 res
938 2190 1143 2266 quam
1185 2153 1677 2240 Jusffnianue
1725 2165 1949 2265 plane
2003 2166 2314 2251 sustulit.
2418 2170 2539 2248 De
2603 2170 2945 2248 oneribus
3010 2192 3248 2272 pauca
3306 2168 3546 2245 adhuc
3611 2174 3779 2244 sunt
3843 2190 3945 2245 ex
4004 2188 4184 2248 sen-

765 2307 994 2382 tentia
1050 2303 1480 2380 Justim‘mti
1522 2304 1982 2406 proferenda.

969 2444 1239 2522 Verbis
1322 2446 1695 2550 conjuncti
1767 2455 1998 2523 utrum
2044 2451 2230 2526 inter
2291 2452 2730 2555 conjunctos
2786 2448 3147 2528 referendi
3202 2452 3373 2545 sint,
3419 2472 3562 2527 nec
3629 2470 3766 2544 ne,
3828 2446 4013 2525 haec
4071 2451 4187 2526 est

765 2588 1197 2688 gravissima
1246 2590 1600 2685 quaestio.

960 2726 1177 2803 Licet
1238 2728 1427 2802 enim
1474 2725 1725 2827 plures
1773 2671 2213 2808 Nostrorum
2260 2728 2357 2806 ad
2417 2732 2538 2836 jus
2596 2647 2791 2832 iegis
2832 2730 3103 2809 Juliae
3153 2737 3227 2810 et
3280 2731 3382 2806 Ρ.
3421 2729 3527 2810 Ρ.
3587 2728 3996 2808 deflectant
4044 2750 4188 2805 no-

762 2889 1076 2965 vumque
1129 2869 1331 2966 quasi
1394 2875 1843 2967 angmentum
1890 2870 2243 2971 probandi
2289 2872 2577 2949 MAYun
2615 2872 2789 2949 inde
2849 2880 3122 2968 sumat,
3189 2873 3357 2972 quia
3420 2873 3543 2978 jus
3604 2868 4082 2950 accrescendi
4143 2895 4189 2946 a

761 3007 1209 3084 Iustiniana
1257 3010 1333 3084 in
1376 3008 1549 3108 lege
1600 3014 1812 3085 unica
1861 3009 2370 3089 donationibus
2425 3018 2679 3091 mortis
2740 3037 2962 3091 causa
3012 3018 3107 3090 sit
3167 3015 3635 3117 applicatum,
3711 3013 3978 3112 quibus
4055 3035 4188 3088 so-

765 3148 908 3223 lum
957 3152 1321 3223 sermonis
1369 3151 1793 3247 conjunctio
1843 3174 2013 3227 esse
2061 3157 2331 3253 possit:
2380 3163 2635 3231 contra
2686 3154 2825 3231 hos
2873 3164 2948 3231 et
2993 3155 3389 3230 MAYunmu
3441 3162 3683 3229 tamen
3731 3151 4186 3231 statuendum

767 3293 921 3383 est,
974 3291 1047 3362 in
1111 3287 1540 3383 donatione,
1606 3312 1791 3387 quae
1858 3313 1960 3366 ex
2027 3290 2344 3371 donante
2414 3302 2488 3373 et
2551 3295 2879 3397 partibus
2941 3294 3338 3370 donatariis
3404 3292 3908 3395 praesentibus
3955 3295 4184 3407 inter-

768 3426 1021 3524 cedat,
1072 3407 1488 3528 pactumque
1528 3431 1673 3525 sit,
1726 3432 1909 3533 ipsa.
1948 3432 2138 3509 inter
2186 3436 2457 3511 mixtim
2519 3437 2959 3541 conjunctos
3015 3441 3096 3510 et
3157 3434 3410 3510 verbis
3481 3434 3944 3567 conjunctos
3980 3431 4186 3508 nullo

766 3568 986 3644 modo
1047 3567 1391 3666 distingui
1462 3592 1707 3669 posse.
1768 3570 1779 3579 ⁴

967 3707 1168 3784 Idem
1229 3709 1416 3784 enim
1468 3717 1619 3805 est,
1689 3718 1919 3787 utrum
1978 3711 2306 3790 dicatum
2370 3716 2576 3792 Aulo
2625 3723 2701 3791 et
2743 3713 2963 3791 Juaeo
3011 3718 3085 3791 et
3139 3711 3334 3814 Gajo
3395 3711 3622 3791 aedes
3671 3733 3870 3788 meas
3933 3712 4188 3791 mortis

773 3873 995 3927 cansa
1036 3851 1286 3947 dono,
1337 3874 1432 3927 an
1484 3854 1617 3927 ita.
1674 3844 1880 3928 Aulo
1929 3861 2002 3929 et
2055 3852 2277 3930 Julio
2313 3863 2389 3933 et
2452 3856 2647 3958 Gajo
2706 3857 2933 3936 aedes
2980 3880 3178 3934 meas
3244 3860 3494 3958 aequis
3557 3854 3878 3958 partibus
3950 3853 4186 3947 dono3

771 4001 844 4069 et
890 4015 1100 4069 nemo
1147 4002 1298 4089 est,
1358 3997 1475 4070 eui
1522 3997 1594 4068 in
1646 4016 1819 4069 casu
1862 3999 2251 4095 posteriori
2293 4008 2650 4099 competat
2700 4000 2818 4105 jus
2867 4000 3357 4101 praelationis.

970 4133 1203 4210 Nova
1253 4158 1439 4210 vero
1493 4133 1988 4211 Justinianus
2034 4136 2338 4239 protulit
2397 4142 2473 4214 in
2538 4140 2877 4217 oneribus
2929 4140 3338 4219 solvendis.
3454 4137 3924 4245 Conjunetim
3979 4138 4192 4214 insti-

772 4278 942 4351 tutis
1007 4277 1403 4382 injungitur
1460 4276 1870 4376 legatorum
1932 4279 2292 4380 obligatio
2365 4281 3001 4384 praestandorum‚
3107 4285 3170 4357 si
3252 4283 3390 4383 ipsi
3473 4281 3635 4386 jure
3711 4276 4193 4358 accrescendi

771 4416 875 4489 uti
967 4421 1255 4494 velint:
1372 4417 1783 4524 disjunctim
1877 4423 2233 4517 instituti,
2338 4447 2498 4505 cum
2592 4423 2906 4523 legatum
2995 4423 3306 4501 solidum
3391 4425 3569 4559 ipsis
3647 4421 3975 4499 relictum
4053 4419 4190 4512 sit,

776 4576 1005 4630 onera
1067 4557 1468 4637 deficientis
1541 4584 1688 4640 non
1762 4570 2184 4665 praestant,
2263 4586 2422 4643 cnm
2499 4568 2987 4666 unusquisque
3060 4590 3266 4642 snum
3344 4552 3568 4653 onus,
3657 4584 3807 4641 non
3873 4556 4191 4634 alienum

923 4703 1155 4772 oscat.

773 4719 919 4799 Ψ
973 4838 1179 4934 Quae
1221 4842 1457 4918 omnia
1514 4865 1616 4920 ex
1661 4845 1836 4944 lege
1876 4845 2103 4928 Julia
2150 4854 2464 4930 mutuata
2520 4870 2666 4926 non
2727 4801 2928 4947 sunt,
3012 4848 3459 4930 Justiniano
3524 4849 3689 4949 ipso
3743 4867 3838 4925 ea
3912 4846 4195 4927 tatione
