<?xml version="1.0" encoding="UTF-8"?>
<!DOCTYPE html PUBLIC "-//W3C//DTD XHTML 1.0 Transitional//EN"
    "http://www.w3.org/TR/xhtml1/DTD/xhtml1-transitional.dtd">
<html xmlns="http://www.w3.org/1999/xhtml" xml:lang="en" lang="en">
 <head>
  <title>
</title>
<meta http-equiv="Content-Type" content="text/html;charset=utf-8" />
  <meta name='ocr-system' content='tesseract 3.04.00' />
  <meta name='ocr-capabilities' content='ocr_page ocr_carea ocr_par ocr_line ocrx_word'/>
</head>
<body>
  <div class='ocr_page' id='page_1' title='image "./diesinterpellat00beckgoog_0669.png"; bbox 0 0 4782 6002; ppageno 0'>
   <div class='ocr_carea' id='block_1_1' title="bbox 1855 465 2308 537">
    <p class='ocr_par' dir='ltr' id='par_1_1' title="bbox 1855 465 2308 537">
     <span class='ocr_line' id='line_1_1' title="bbox 1855 465 2308 537; baseline -0.002 -16"><span class='ocrx_word' id='word_1_1' title='bbox 1855 465 2308 537; x_wconf 66' lang='lat'><strong>...9-</strong></span> 
     </span>
    </p>
   </div>
   <div class='ocr_carea' id='block_1_2' title="bbox 389 803 3803 4679">
    <p class='ocr_par' dir='ltr' id='par_1_2' title="bbox 1972 803 2505 883">
     <span class='ocr_line' id='line_1_2' title="bbox 1972 803 2505 883; baseline 0.004 -13"><span class='ocrx_word' id='word_1_2' title='bbox 1972 806 2046 883; x_wconf 70' lang='lat' dir='ltr'><strong>S.</strong></span> <span class='ocrx_word' id='word_1_3' title='bbox 2098 803 2171 872; x_wconf 72' lang='lat'><strong>6.</strong></span> <span class='ocrx_word' id='word_1_4' title='bbox 2500 853 2505 858; x_wconf 81' lang='lat'>-</span> 
     </span>
    </p>

    <p class='ocr_par' dir='ltr' id='par_1_3' title="bbox 407 933 3751 2306">
     <span class='ocr_line' id='line_1_3' title="bbox 622 933 3713 1045; baseline 0.005 -35"><span class='ocrx_word' id='word_1_5' title='bbox 622 933 740 1030; x_wconf 75' lang='lat'><strong>2)</strong></span> <span class='ocrx_word' id='word_1_6' title='bbox 817 933 1210 1033; x_wconf 56' lang='lat' dir='ltr'><strong>lammae</strong></span> <span class='ocrx_word' id='word_1_7' title='bbox 1257 935 1477 1040; x_wconf 60' lang='lat' dir='ltr'><strong>utiles</strong></span> <span class='ocrx_word' id='word_1_8' title='bbox 1540 959 1589 1007; x_wconf 91' lang='lat' dir='ltr'><strong>a</strong></span> <span class='ocrx_word' id='word_1_9' title='bbox 1651 934 1721 1008; x_wconf 90' lang='lat' dir='ltr'><strong>b.</strong></span> <span class='ocrx_word' id='word_1_10' title='bbox 1774 934 1828 1008; x_wconf 82' lang='lat' dir='ltr'><strong>f.</strong></span> <span class='ocrx_word' id='word_1_11' title='bbox 1879 958 2325 1034; x_wconf 70' lang='lat' dir='ltr'><strong>possessore</strong></span> <span class='ocrx_word' id='word_1_12' title='bbox 2391 937 2663 1015; x_wconf 86' lang='lat' dir='ltr'><strong>deduci</strong></span> <span class='ocrx_word' id='word_1_13' title='bbox 2730 950 3079 1040; x_wconf 79' lang='lat' dir='ltr'><strong>possunt,</strong></span> <span class='ocrx_word' id='word_1_14' title='bbox 3145 948 3211 1018; x_wconf 91' lang='lat' dir='ltr'><strong>si</strong></span> <span class='ocrx_word' id='word_1_15' title='bbox 3271 951 3549 1045; x_wconf 89' lang='lat' dir='ltr'><strong>petitor</strong></span> <span class='ocrx_word' id='word_1_16' title='bbox 3598 950 3713 1024; x_wconf 84' lang='lat' dir='ltr'><strong>his</strong></span> 
     </span>
     <span class='ocr_line' id='line_1_4' title="bbox 420 1072 3705 1182; baseline 0.005 -34"><span class='ocrx_word' id='word_1_17' title='bbox 420 1077 767 1174; x_wconf 78' lang='lat' dir='ltr'><strong>impensis</strong></span> <span class='ocrx_word' id='word_1_18' title='bbox 817 1096 902 1149; x_wconf 92' lang='lat' dir='ltr'><strong>re</strong></span> <span class='ocrx_word' id='word_1_19' title='bbox 949 1096 1139 1149; x_wconf 81' lang='lat' dir='ltr'><strong>vera</strong></span> <span class='ocrx_word' id='word_1_20' title='bbox 1187 1072 1686 1172; x_wconf 90' lang='lat' dir='ltr'><strong>locupletatus</strong></span> <span class='ocrx_word' id='word_1_21' title='bbox 1736 1082 1890 1167; x_wconf 88' lang='lat' dir='ltr'><strong>est,</strong></span> <span class='ocrx_word' id='word_1_22' title='bbox 1966 1100 2208 1176; x_wconf 89' lang='lat' dir='ltr'><strong>neque</strong></span> <span class='ocrx_word' id='word_1_23' title='bbox 2259 1101 2385 1154; x_wconf 90' lang='lat' dir='ltr'><strong>res</strong></span> <span class='ocrx_word' id='word_1_24' title='bbox 2407 1132 2428 1170; x_wconf 86' lang='lat'>‚</span> <span class='ocrx_word' id='word_1_25' title='bbox 2485 1080 2743 1177; x_wconf 84' lang='lat' dir='ltr'><strong>quibus</strong></span> <span class='ocrx_word' id='word_1_26' title='bbox 2794 1084 3167 1182; x_wconf 80' lang='lat' dir='ltr'><strong>impensae</strong></span> <span class='ocrx_word' id='word_1_27' title='bbox 3222 1097 3565 1163; x_wconf 78' lang='lat' dir='ltr'><strong>constant</strong></span> <span class='ocrx_word' id='word_1_28' title='bbox 3611 1129 3705 1148; x_wconf 90' lang='lat'><strong>—-</strong></span> 
     </span>
     <span class='ocr_line' id='line_1_5' title="bbox 419 1211 3713 1320; baseline 0.004 -33"><span class='ocrx_word' id='word_1_29' title='bbox 419 1219 786 1314; x_wconf 81' lang='lat' dir='ltr'><strong>impensas</strong></span> <span class='ocrx_word' id='word_1_30' title='bbox 840 1218 1040 1312; x_wconf 88' lang='lat' dir='ltr'><strong>ipsas</strong></span> <span class='ocrx_word' id='word_1_31' title='bbox 1088 1212 1428 1310; x_wconf 78' lang='lat' dir='ltr'><strong>intelligo</strong></span> <span class='ocrx_word' id='word_1_32' title='bbox 1472 1253 1574 1268; x_wconf 91' lang='lat'><strong>—-</strong></span> <span class='ocrx_word' id='word_1_33' title='bbox 1623 1211 1922 1289; x_wconf 86' lang='lat' dir='ltr'><strong>demere</strong></span> <span class='ocrx_word' id='word_1_34' title='bbox 1973 1224 2053 1290; x_wconf 90' lang='lat' dir='ltr'><strong>et</strong></span> <span class='ocrx_word' id='word_1_35' title='bbox 2101 1242 2150 1291; x_wconf 86' lang='lat' dir='ltr'><strong>a</strong></span> <span class='ocrx_word' id='word_1_36' title='bbox 2199 1242 2281 1292; x_wconf 89' lang='lat' dir='ltr'><strong>re</strong></span> <span class='ocrx_word' id='word_1_37' title='bbox 2334 1218 2723 1319; x_wconf 80' lang='lat' dir='ltr'><strong>principali</strong></span> <span class='ocrx_word' id='word_1_38' title='bbox 2773 1243 3126 1320; x_wconf 86' lang='lat' dir='ltr'><strong>separare</strong></span> <span class='ocrx_word' id='word_1_39' title='bbox 3184 1225 3488 1300; x_wconf 83' lang='lat' dir='ltr'><strong>mavult.</strong></span> <span class='ocrx_word' id='word_1_40' title='bbox 3623 1228 3713 1304; x_wconf 77' lang='lat' dir='ltr'><strong>Si</strong></span> 
     </span>
     <span class='ocr_line' id='line_1_6' title="bbox 416 1352 3711 1462; baseline 0.004 -34"><span class='ocrx_word' id='word_1_41' title='bbox 416 1354 484 1428; x_wconf 90' lang='lat' dir='ltr'><strong>b.</strong></span> <span class='ocrx_word' id='word_1_42' title='bbox 541 1352 596 1426; x_wconf 89' lang='lat' dir='ltr'><strong>f.</strong></span> <span class='ocrx_word' id='word_1_43' title='bbox 649 1374 1042 1452; x_wconf 86' lang='lat' dir='ltr'><strong>possessor</strong></span> <span class='ocrx_word' id='word_1_44' title='bbox 1088 1355 1459 1451; x_wconf 82' lang='lat' dir='ltr'><strong>impensas</strong></span> <span class='ocrx_word' id='word_1_45' title='bbox 1508 1355 1712 1451; x_wconf 88' lang='lat' dir='ltr'><strong>ipsas</strong></span> <span class='ocrx_word' id='word_1_46' title='bbox 1763 1378 1810 1427; x_wconf 87' lang='lat' dir='ltr'><strong>a</strong></span> <span class='ocrx_word' id='word_1_47' title='bbox 1853 1376 1937 1429; x_wconf 91' lang='lat' dir='ltr'><strong>re</strong></span> <span class='ocrx_word' id='word_1_48' title='bbox 1981 1352 2279 1431; x_wconf 86' lang='lat' dir='ltr'><strong>demere</strong></span> <span class='ocrx_word' id='word_1_49' title='bbox 2322 1367 2400 1432; x_wconf 91' lang='lat' dir='ltr'><strong>et</strong></span> <span class='ocrx_word' id='word_1_50' title='bbox 2437 1381 2795 1458; x_wconf 85' lang='lat' dir='ltr'><strong>separare</strong></span> <span class='ocrx_word' id='word_1_51' title='bbox 2839 1359 3108 1455; x_wconf 81' lang='lat' dir='ltr'><strong>debet,</strong></span> <span class='ocrx_word' id='word_1_52' title='bbox 3162 1366 3334 1462; x_wconf 82' lang='lat' dir='ltr'><strong>quia</strong></span> <span class='ocrx_word' id='word_1_53' title='bbox 3377 1363 3711 1441; x_wconf 89' lang='lat' dir='ltr'><strong>dominus</strong></span> 
     </span>
     <span class='ocr_line' id='line_1_7' title="bbox 418 1491 3707 1599; baseline 0.003 -31"><span class='ocrx_word' id='word_1_54' title='bbox 418 1497 490 1568; x_wconf 89' lang='lat' dir='ltr'><strong>ei</strong></span> <span class='ocrx_word' id='word_1_55' title='bbox 539 1494 908 1591; x_wconf 62' lang='lat' dir='ltr'><strong>inmensas</strong></span> <span class='ocrx_word' id='word_1_56' title='bbox 959 1493 1357 1569; x_wconf 75' lang='lat' dir='ltr'><strong>restituere</strong></span> <span class='ocrx_word' id='word_1_57' title='bbox 1404 1513 1643 1588; x_wconf 84' lang='lat' dir='ltr'><strong>neque</strong></span> <span class='ocrx_word' id='word_1_58' title='bbox 1718 1491 1944 1583; x_wconf 88' lang='lat' dir='ltr'><strong>vult‚·</strong></span> <span class='ocrx_word' id='word_1_59' title='bbox 1995 1515 2235 1592; x_wconf 91' lang='lat' dir='ltr'><strong>neque</strong></span> <span class='ocrx_word' id='word_1_60' title='bbox 2305 1500 2525 1571; x_wconf 88' lang='lat' dir='ltr'><strong>etiam</strong></span> <span class='ocrx_word' id='word_1_61' title='bbox 2587 1501 2757 1596; x_wconf 82' lang='lat' dir='ltr'><strong>cogi</strong></span> <span class='ocrx_word' id='word_1_62' title='bbox 2823 1507 3121 1599; x_wconf 85' lang='lat' dir='ltr'><strong>potest,</strong></span> <span class='ocrx_word' id='word_1_63' title='bbox 3194 1501 3707 1579; x_wconf 86' lang='lat' dir='ltr'><strong>detrimentum</strong></span> 
     </span>
     <span class='ocr_line' id='line_1_8' title="bbox 414 1630 3705 1738; baseline 0.004 -32"><span class='ocrx_word' id='word_1_64' title='bbox 414 1633 697 1729; x_wconf 82' lang='lat' dir='ltr'><strong>aliquot</strong></span> <span class='ocrx_word' id='word_1_65' title='bbox 761 1630 893 1706; x_wconf 83' lang='lat' dir='ltr'><strong>vel</strong></span> <span class='ocrx_word' id='word_1_66' title='bbox 957 1630 1295 1706; x_wconf 84' lang='lat' dir='ltr'><strong>molestia</strong></span> <span class='ocrx_word' id='word_1_67' title='bbox 1331 1631 1609 1729; x_wconf 83' lang='lat' dir='ltr'><strong>‚aliqua</strong></span> <span class='ocrx_word' id='word_1_68' title='bbox 1630 1683 1651 1724; x_wconf 85' lang='lat'>,</span> <span class='ocrx_word' id='word_1_69' title='bbox 1727 1654 1917 1729; x_wconf 90' lang='lat' dir='ltr'><strong>quae</strong></span> <span class='ocrx_word' id='word_1_70' title='bbox 1981 1635 2056 1705; x_wconf 91' lang='lat' dir='ltr'><strong>in</strong></span> <span class='ocrx_word' id='word_1_71' title='bbox 2122 1632 2485 1709; x_wconf 90' lang='lat' dir='ltr'><strong>dominum</strong></span> <span class='ocrx_word' id='word_1_72' title='bbox 2555 1636 2756 1711; x_wconf 84' lang='lat' dir='ltr'><strong>cadit</strong></span> <span class='ocrx_word' id='word_1_73' title='bbox 2780 1693 2800 1730; x_wconf 87' lang='lat'><strong><em>‚</em></strong></span> <span class='ocrx_word' id='word_1_74' title='bbox 2873 1639 2967 1713; x_wconf 83' lang='lat' dir='ltr'><strong>ab</strong></span> <span class='ocrx_word' id='word_1_75' title='bbox 3031 1663 3124 1716; x_wconf 88' lang='lat' dir='ltr'><strong>eo</strong></span> <span class='ocrx_word' id='word_1_76' title='bbox 3176 1640 3490 1718; x_wconf 84' lang='lat' dir='ltr'><strong>ferenda</strong></span> <span class='ocrx_word' id='word_1_77' title='bbox 3541 1653 3705 1738; x_wconf 80' lang='lat' dir='ltr'><strong>est3</strong></span> 
     </span>
     <span class='ocr_line' id='line_1_9' title="bbox 411 1774 3705 1877; baseline 0.002 -26"><span class='ocrx_word' id='word_1_78' title='bbox 411 1799 651 1875; x_wconf 84' lang='lat' dir='ltr'><strong>neque</strong></span> <span class='ocrx_word' id='word_1_79' title='bbox 703 1799 893 1851; x_wconf 86' lang='lat' dir='ltr'><strong>vero</strong></span> <span class='ocrx_word' id='word_1_80' title='bbox 943 1778 1324 1873; x_wconf 88' lang='lat' dir='ltr'><strong>pristinum</strong></span> <span class='ocrx_word' id='word_1_81' title='bbox 1373 1777 1484 1850; x_wconf 90' lang='lat' dir='ltr'><strong>rei</strong></span> <span class='ocrx_word' id='word_1_82' title='bbox 1535 1783 1803 1850; x_wconf 85' lang='lat' dir='ltr'><strong>statum</strong></span> <span class='ocrx_word' id='word_1_83' title='bbox 1852 1778 2274 1874; x_wconf 83' lang='lat' dir='ltr'><strong>possessori</strong></span> <span class='ocrx_word' id='word_1_84' title='bbox 2317 1774 2778 1852; x_wconf 83' lang='lat' dir='ltr'><strong>deteriorare</strong></span> <span class='ocrx_word' id='word_1_85' title='bbox 2797 1831 2818 1870; x_wconf 86' lang='lat'><strong><em>‚</em></strong></span> <span class='ocrx_word' id='word_1_86' title='bbox 2870 1779 3155 1877; x_wconf 84' lang='lat' dir='ltr'><strong>sibique</strong></span> <span class='ocrx_word' id='word_1_87' title='bbox 3200 1804 3459 1856; x_wconf 87' lang='lat' dir='ltr'><strong>verum</strong></span> <span class='ocrx_word' id='word_1_88' title='bbox 3500 1804 3705 1857; x_wconf 91' lang='lat' dir='ltr'><strong>com-</strong></span> 
     </span>
     <span class='ocr_line' id='line_1_10' title="bbox 413 1913 3751 2019; baseline 0.003 -30"><span class='ocrx_word' id='word_1_89' title='bbox 413 1914 694 1990; x_wconf 92' lang='lat' dir='ltr'><strong>modum</strong></span> <span class='ocrx_word' id='word_1_90' title='bbox 743 1937 1015 2014; x_wconf 84' lang='lat' dir='ltr'><strong>parare</strong></span> <span class='ocrx_word' id='word_1_91' title='bbox 1065 1913 1284 2006; x_wconf 84' lang='lat' dir='ltr'><strong>licet,</strong></span> <span class='ocrx_word' id='word_1_92' title='bbox 1362 1917 1639 2013; x_wconf 90' lang='lat' dir='ltr'><strong>petitor</strong></span> <span class='ocrx_word' id='word_1_93' title='bbox 1707 1917 1896 1989; x_wconf 91' lang='lat' dir='ltr'><strong>enim</strong></span> <span class='ocrx_word' id='word_1_94' title='bbox 1966 1936 2260 2013; x_wconf 86' lang='lat' dir='ltr'><strong>semper</strong></span> <span class='ocrx_word' id='word_1_95' title='bbox 2327 1915 2478 1989; x_wconf 91' lang='lat' dir='ltr'><strong>tale</strong></span> <span class='ocrx_word' id='word_1_96' title='bbox 2547 1915 2995 1991; x_wconf 89' lang='lat' dir='ltr'><strong>commodum</strong></span> <span class='ocrx_word' id='word_1_97' title='bbox 3022 1974 3044 2011; x_wconf 86' lang='lat'>‚</span> <span class='ocrx_word' id='word_1_98' title='bbox 3120 1923 3437 2019; x_wconf 88' lang='lat' dir='ltr'><strong>pecunia</strong></span> <span class='ocrx_word' id='word_1_99' title='bbox 3485 1917 3751 2012; x_wconf 72' lang='lat' dir='ltr'><strong>data..</strong></span> 
     </span>
     <span class='ocr_line' id='line_1_11' title="bbox 409 2044 3701 2159; baseline 0.003 -33"><span class='ocrx_word' id='word_1_100' title='bbox 409 2053 551 2127; x_wconf 83' lang='lat' dir='ltr'><strong>sibi</strong></span> <span class='ocrx_word' id='word_1_101' title='bbox 599 2057 986 2151; x_wconf 81' lang='lat' dir='ltr'><strong>acquirere</strong></span> <span class='ocrx_word' id='word_1_102' title='bbox 1028 2060 1282 2153; x_wconf 85' lang='lat' dir='ltr'><strong>potest</strong></span> <span class='ocrx_word' id='word_1_103' title='bbox 1328 2044 1451 2145; x_wconf 60' lang='lat'><strong>¹⁴).</strong></span> <span class='ocrx_word' id='word_1_104' title='bbox 1554 2052 1904 2129; x_wconf 79' lang='lat' dir='ltr'><strong>Necesse</strong></span> <span class='ocrx_word' id='word_1_105' title='bbox 1957 2063 2075 2129; x_wconf 90' lang='lat' dir='ltr'><strong>est</strong></span> <span class='ocrx_word' id='word_1_106' title='bbox 2123 2056 2350 2151; x_wconf 81' lang='lat' dir='ltr'><strong>igitur</strong></span> <span class='ocrx_word' id='word_1_107' title='bbox 2400 2059 2464 2129; x_wconf 89' lang='lat' dir='ltr'><strong>si</strong></span> <span class='ocrx_word' id='word_1_108' title='bbox 2512 2056 2973 2154; x_wconf 85' lang='lat' dir='ltr'><strong>postulatur,</strong></span> <span class='ocrx_word' id='word_1_109' title='bbox 3026 2068 3110 2132; x_wconf 88' lang='lat' dir='ltr'><strong>ut</strong></span> <span class='ocrx_word' id='word_1_110' title='bbox 3156 2062 3531 2159; x_wconf 85' lang='lat' dir='ltr'><strong>impensae</strong></span> <span class='ocrx_word' id='word_1_111' title='bbox 3572 2084 3701 2137; x_wconf 89' lang='lat' dir='ltr'><strong>re-</strong></span> 
     </span>
     <span class='ocr_line' id='line_1_12' title="bbox 407 2197 2697 2306; baseline 0 -38"><span class='ocrx_word' id='word_1_112' title='bbox 407 2197 839 2270; x_wconf 82' lang='lat' dir='ltr'><strong>stituantur:</strong></span> <span class='ocrx_word' id='word_1_113' title='bbox 2690 2300 2697 2306; x_wconf 15' lang='grc' dir='ltr'>ι</span> 
     </span>
    </p>

    <p class='ocr_par' dir='ltr' id='par_1_4' title="bbox 392 2336 3803 3834">
     <span class='ocr_line' id='line_1_13' title="bbox 603 2336 3699 2436; baseline 0.002 -25"><span class='ocrx_word' id='word_1_114' title='bbox 603 2340 701 2432; x_wconf 77' lang='grc' dir='ltr'><strong>α)</strong></span> <span class='ocrx_word' id='word_1_115' title='bbox 779 2336 1137 2411; x_wconf 88' lang='lat' dir='ltr'><strong>Actorem</strong></span> <span class='ocrx_word' id='word_1_116' title='bbox 1209 2359 1294 2410; x_wconf 90' lang='lat' dir='ltr'><strong>re</strong></span> <span class='ocrx_word' id='word_1_117' title='bbox 1360 2358 1549 2411; x_wconf 85' lang='lat' dir='ltr'><strong>vera</strong></span> <span class='ocrx_word' id='word_1_118' title='bbox 1616 2336 2181 2436; x_wconf 82' lang='lat' dir='ltr'><strong>locupletiorem</strong></span> <span class='ocrx_word' id='word_1_119' title='bbox 2249 2338 2527 2416; x_wconf 84' lang='lat' dir='ltr'><strong>factum</strong></span> <span class='ocrx_word' id='word_1_120' title='bbox 2593 2363 2788 2416; x_wconf 89' lang='lat' dir='ltr'><strong>esse.</strong></span> <span class='ocrx_word' id='word_1_121' title='bbox 2915 2340 3104 2417; x_wconf 90' lang='lat' dir='ltr'><strong>Ideo</strong></span> <span class='ocrx_word' id='word_1_122' title='bbox 3137 2382 3142 2387; x_wconf 92' lang='lat'>·</span> <span class='ocrx_word' id='word_1_123' title='bbox 3181 2340 3699 2418; x_wconf 60' lang='lat' dir='ltr'><strong>desideratur}</strong></span> 
     </span>
     <span class='ocr_line' id='line_1_14' title="bbox 412 2472 3697 2577; baseline 0.002 -29"><span class='ocrx_word' id='word_1_124' title='bbox 412 2480 493 2568; x_wconf 81' lang='lat'><strong>1)</strong></span> <span class='ocrx_word' id='word_1_125' title='bbox 544 2484 624 2550; x_wconf 94' lang='lat' dir='ltr'><strong>ut</strong></span> <span class='ocrx_word' id='word_1_126' title='bbox 675 2475 1222 2550; x_wconf 88' lang='lat' dir='ltr'><strong>meliorationes</strong></span> <span class='ocrx_word' id='word_1_127' title='bbox 1272 2472 1516 2550; x_wconf 90' lang='lat' dir='ltr'><strong>adhuc</strong></span> <span class='ocrx_word' id='word_1_128' title='bbox 1567 2474 1835 2549; x_wconf 90' lang='lat' dir='ltr'><strong>durent</strong></span> <span class='ocrx_word' id='word_1_129' title='bbox 1900 2486 1977 2550; x_wconf 93' lang='lat' dir='ltr'><strong>et</strong></span> <span class='ocrx_word' id='word_1_130' title='bbox 2041 2486 2362 2553; x_wconf 77' lang='lat' dir='ltr'><strong>exstent.</strong></span> <span class='ocrx_word' id='word_1_131' title='bbox 2482 2478 2614 2553; x_wconf 81' lang='lat' dir='ltr'><strong>Fr.</strong></span> <span class='ocrx_word' id='word_1_132' title='bbox 2670 2482 2790 2553; x_wconf 73' lang='lat'><strong>29.</strong></span> <span class='ocrx_word' id='word_1_133' title='bbox 2843 2482 2943 2552; x_wconf 81' lang='lat'><strong>38</strong></span> <span class='ocrx_word' id='word_1_134' title='bbox 2993 2504 3102 2577; x_wconf 88' lang='lat' dir='ltr'><strong>sq.</strong></span> <span class='ocrx_word' id='word_1_135' title='bbox 3153 2480 3251 2553; x_wconf 88' lang='lat' dir='ltr'><strong>D.</strong></span> <span class='ocrx_word' id='word_1_136' title='bbox 3303 2478 3400 2555; x_wconf 91' lang='grc'><strong>(16</strong></span> <span class='ocrx_word' id='word_1_137' title='bbox 3452 2479 3543 2553; x_wconf 79' lang='lat' dir='ltr'><strong>R.</strong></span> <span class='ocrx_word' id='word_1_138' title='bbox 3597 2480 3697 2555; x_wconf 86' lang='lat' dir='ltr'><strong>V.</strong></span> 
     </span>
     <span class='ocr_line' id='line_1_15' title="bbox 404 2614 3697 2715; baseline 0.002 -28"><span class='ocrx_word' id='word_1_139' title='bbox 404 2620 532 2707; x_wconf 82' lang='grc'><strong>(6,</strong></span> <span class='ocrx_word' id='word_1_140' title='bbox 584 2618 690 2708; x_wconf 84' lang='grc'><strong>1).</strong></span> <span class='ocrx_word' id='word_1_141' title='bbox 809 2614 1091 2690; x_wconf 87' lang='lat' dir='ltr'><strong>Locum</strong></span> <span class='ocrx_word' id='word_1_142' title='bbox 1157 2617 1645 2712; x_wconf 87' lang='lat' dir='ltr'><strong>posteriorem</strong></span> <span class='ocrx_word' id='word_1_143' title='bbox 1712 2614 2211 2689; x_wconf 88' lang='lat' dir='ltr'><strong>tantummodo</strong></span> <span class='ocrx_word' id='word_1_144' title='bbox 2260 2618 2329 2690; x_wconf 87' lang='lat' dir='ltr'><strong>b.</strong></span> <span class='ocrx_word' id='word_1_145' title='bbox 2384 2616 2437 2689; x_wconf 90' lang='lat' dir='ltr'><strong>f.</strong></span> <span class='ocrx_word' id='word_1_146' title='bbox 2488 2639 3000 2714; x_wconf 87' lang='lat' dir='ltr'><strong>possessorem</strong></span> <span class='ocrx_word' id='word_1_147' title='bbox 3052 2620 3431 2715; x_wconf 86' lang='lat' dir='ltr'><strong>respicere</strong></span> <span class='ocrx_word' id='word_1_148' title='bbox 3482 2618 3697 2694; x_wconf 88' lang='lat' dir='ltr'><strong>lucu-</strong></span> 
     </span>
     <span class='ocr_line' id='line_1_16' title="bbox 401 2731 3695 2853; baseline 0.002 -26"><span class='ocrx_word' id='word_1_149' title='bbox 401 2757 654 2830; x_wconf 77' lang='lat' dir='ltr'><strong>lenter</strong></span> <span class='ocrx_word' id='word_1_150' title='bbox 694 2764 1008 2853; x_wconf 89' lang='lat' dir='ltr'><strong>apparet</strong></span> <span class='ocrx_word' id='word_1_151' title='bbox 1060 2777 1160 2828; x_wconf 85' lang='lat' dir='ltr'><strong>ex</strong></span> <span class='ocrx_word' id='word_1_152' title='bbox 1216 2754 1467 2829; x_wconf 89' lang='lat' dir='ltr'><strong>verbis</strong></span> <span class='ocrx_word' id='word_1_153' title='bbox 1519 2753 2004 2852; x_wconf 86' lang='lat' dir='ltr'><strong>„imprudens</strong></span> <span class='ocrx_word' id='word_1_154' title='bbox 2057 2777 2303 2829; x_wconf 89' lang='lat' dir='ltr'><strong>emere</strong></span> <span class='ocrx_word' id='word_1_155' title='bbox 2326 2762 2411 2846; x_wconf 86' lang='grc'><strong>“,</strong></span> <span class='ocrx_word' id='word_1_156' title='bbox 2469 2754 2666 2852; x_wconf 91' lang='lat' dir='ltr'><strong>quod</strong></span> <span class='ocrx_word' id='word_1_157' title='bbox 2714 2731 2908 2832; x_wconf 76' lang='lat' dir='ltr'><strong>idem</strong></span> <span class='ocrx_word' id='word_1_158' title='bbox 2938 2765 3115 2849; x_wconf 74' lang='lat' dir='ltr'><strong>est,</strong></span> <span class='ocrx_word' id='word_1_159' title='bbox 3163 2780 3255 2833; x_wconf 87' lang='lat' dir='ltr'><strong>ac</strong></span> <span class='ocrx_word' id='word_1_160' title='bbox 3304 2758 3501 2834; x_wconf 82' lang='lat' dir='ltr'><strong>b&#39;ona</strong></span> <span class='ocrx_word' id='word_1_161' title='bbox 3544 2757 3695 2835; x_wconf 79' lang='lat' dir='ltr'><strong>fide</strong></span> 
     </span>
     <span class='ocr_line' id='line_1_17' title="bbox 400 2882 3695 2993; baseline -0.001 -22"><span class='ocrx_word' id='word_1_162' title='bbox 400 2919 667 2972; x_wconf 78' lang='lat' dir='ltr'><strong>emere.</strong></span> <span class='ocrx_word' id='word_1_163' title='bbox 771 2896 902 2969; x_wconf 73' lang='lat' dir='ltr'><strong>Fr.</strong></span> <span class='ocrx_word' id='word_1_164' title='bbox 954 2898 1053 2968; x_wconf 74' lang='lat'><strong>52</strong></span> <span class='ocrx_word' id='word_1_165' title='bbox 1105 2902 1177 2982; x_wconf 76' lang='lat'><strong>§-</strong></span> <span class='ocrx_word' id='word_1_166' title='bbox 1225 2898 1274 2967; x_wconf 81' lang='lat' dir='ltr'><strong>a</strong></span> <span class='ocrx_word' id='word_1_167' title='bbox 1345 2882 1482 2993; x_wconf 71' lang='lat' dir='ltr'><strong>pro&#39;</strong></span> <span class='ocrx_word' id='word_1_168' title='bbox 1546 2896 1753 2969; x_wconf 79' lang='lat' dir='ltr'><strong>socio</strong></span> <span class='ocrx_word' id='word_1_169' title='bbox 1820 2897 1998 2986; x_wconf 77' lang='lat'>(1⁷,</span> <span class='ocrx_word' id='word_1_170' title='bbox 2046 2897 2136 2986; x_wconf 80' lang='lat'><strong>2)</strong></span> <span class='ocrx_word' id='word_1_171' title='bbox 2213 2893 2304 2967; x_wconf 80' lang='lat' dir='ltr'><strong>fr.</strong></span> <span class='ocrx_word' id='word_1_172' title='bbox 2363 2898 2462 2966; x_wconf 74' lang='lat'><strong>24</strong></span> <span class='ocrx_word' id='word_1_173' title='bbox 2509 2901 2580 2981; x_wconf 73' lang='lat' dir='ltr'><strong>s.</strong></span> <span class='ocrx_word' id='word_1_174' title='bbox 2642 2897 2674 2966; x_wconf 78' lang='grc' dir='ltr'><strong>ι</strong></span> <span class='ocrx_word' id='word_1_175' title='bbox 2735 2893 3026 2970; x_wconf 77' lang='lat' dir='ltr'><strong>‹ie-act.</strong></span> <span class='ocrx_word' id='word_1_176' title='bbox 3078 2894 3170 2968; x_wconf 78' lang='grc' dir='ltr'><strong>Ε.</strong></span> <span class='ocrx_word' id='word_1_177' title='bbox 3222 2895 3323 2970; x_wconf 84' lang='lat' dir='ltr'><strong>v.</strong></span> <span class='ocrx_word' id='word_1_178' title='bbox 3378 2899 3559 2988; x_wconf 76' lang='lat'>(19,</span> <span class='ocrx_word' id='word_1_179' title='bbox 3612 2900 3695 2989; x_wconf 78' lang='grc' dir='ltr'><strong>ι)</strong></span> 
     </span>
     <span class='ocr_line' id='line_1_18' title="bbox 397 3033 3694 3141; baseline 0 -31"><span class='ocrx_word' id='word_1_180' title='bbox 397 3037 490 3133; x_wconf 77' lang='lat' dir='ltr'><strong>fr.</strong></span> <span class='ocrx_word' id='word_1_181' title='bbox 537 3041 627 3111; x_wconf 74' lang='lat'><strong>1⁸7</strong></span> <span class='ocrx_word' id='word_1_182' title='bbox 678 3046 751 3124; x_wconf 79' lang='lat' dir='ltr'><strong>S.</strong></span> <span class='ocrx_word' id='word_1_183' title='bbox 797 3040 849 3108; x_wconf 84' lang='lat'>4</span> <span class='ocrx_word' id='word_1_184' title='bbox 896 3034 992 3111; x_wconf 92' lang='lat' dir='ltr'><strong>de</strong></span> <span class='ocrx_word' id='word_1_185' title='bbox 1044 3033 1210 3111; x_wconf 88' lang='lat' dir='ltr'><strong>aed.</strong></span> <span class='ocrx_word' id='word_1_186' title='bbox 1264 3033 1383 3110; x_wconf 91' lang='lat' dir='ltr'><strong>ed.</strong></span> <span class='ocrx_word' id='word_1_187' title='bbox 1437 3037 1616 3141; x_wconf 71' lang='grc'><strong>(21,</strong></span> <span class='ocrx_word' id='word_1_188' title='bbox 1660 3037 1766 3127; x_wconf 84' lang='grc'><strong>1).</strong></span> <span class='ocrx_word' id='word_1_189' title='bbox 1821 3044 1830 3051; x_wconf 76' lang='grc'><strong><em>’</em></strong></span> <span class='ocrx_word' id='word_1_190' title='bbox 1871 3038 1959 3127; x_wconf 74' lang='lat'><strong>2)</strong></span> <span class='ocrx_word' id='word_1_191' title='bbox 2008 3034 2253 3110; x_wconf 85' lang='lat' dir='ltr'><strong>Actor</strong></span> <span class='ocrx_word' id='word_1_192' title='bbox 2304 3043 2451 3110; x_wconf 90' lang='lat' dir='ltr'><strong>tam</strong></span> <span class='ocrx_word' id='word_1_193' title='bbox 2498 3035 2839 3135; x_wconf 89' lang='lat' dir='ltr'><strong>locuples</strong></span> <span class='ocrx_word' id='word_1_194' title='bbox 2890 3039 2987 3112; x_wconf 90' lang='lat' dir='ltr'><strong>sit</strong></span> <span class='ocrx_word' id='word_1_195' title='bbox 3040 3044 3371 3135; x_wconf 85' lang='lat' dir='ltr'><strong>oportet,</strong></span> <span class='ocrx_word' id='word_1_196' title='bbox 3424 3046 3507 3111; x_wconf 88' lang='lat' dir='ltr'><strong>ut</strong></span> <span class='ocrx_word' id='word_1_197' title='bbox 3556 3040 3694 3112; x_wconf 92' lang='lat' dir='ltr'><strong>im-</strong></span> 
     </span>
     <span class='ocr_line' id='line_1_19' title="bbox 398 3175 3693 3275; baseline 0.002 -23"><span class='ocrx_word' id='word_1_198' title='bbox 398 3199 666 3275; x_wconf 89' lang='lat' dir='ltr'><strong>pensas</strong></span> <span class='ocrx_word' id='word_1_199' title='bbox 715 3176 1036 3253; x_wconf 86' lang='lat' dir='ltr'><strong>reddere</strong></span> <span class='ocrx_word' id='word_1_200' title='bbox 1087 3178 1371 3275; x_wconf 85' lang='lat' dir='ltr'><strong>possit,</strong></span> <span class='ocrx_word' id='word_1_201' title='bbox 1423 3197 1620 3251; x_wconf 82' lang='lat' dir='ltr'><strong>neve</strong></span> <span class='ocrx_word' id='word_1_202' title='bbox 1673 3199 1849 3249; x_wconf 90' lang='lat' dir='ltr'><strong>suas</strong></span> <span class='ocrx_word' id='word_1_203' title='bbox 1900 3198 2026 3251; x_wconf 90' lang='lat' dir='ltr'><strong>res</strong></span> <span class='ocrx_word' id='word_1_204' title='bbox 2078 3175 2496 3253; x_wconf 85' lang='lat' dir='ltr'><strong>distrahere</strong></span> <span class='ocrx_word' id='word_1_205' title='bbox 2548 3186 2886 3275; x_wconf 84' lang='lat' dir='ltr'><strong>cogatur.</strong></span> <span class='ocrx_word' id='word_1_206' title='bbox 2967 3177 3098 3252; x_wconf 82' lang='lat' dir='ltr'><strong>Fr.</strong></span> <span class='ocrx_word' id='word_1_207' title='bbox 3151 3181 3252 3251; x_wconf 81' lang='lat'><strong>38</strong></span> <span class='ocrx_word' id='word_1_208' title='bbox 3302 3179 3396 3253; x_wconf 90' lang='lat' dir='ltr'><strong>D.</strong></span> <span class='ocrx_word' id='word_1_209' title='bbox 3454 3179 3549 3256; x_wconf 92' lang='lat' dir='ltr'><strong>de</strong></span> <span class='ocrx_word' id='word_1_210' title='bbox 3599 3180 3693 3258; x_wconf 77' lang='lat' dir='ltr'><strong>R.</strong></span> 
     </span>
     <span class='ocr_line' id='line_1_20' title="bbox 396 3319 3693 3420; baseline 0 -27"><span class='ocrx_word' id='word_1_211' title='bbox 396 3320 494 3394; x_wconf 90' lang='lat' dir='ltr'><strong>V.</strong></span> <span class='ocrx_word' id='word_1_212' title='bbox 548 3324 638 3413; x_wconf 82' lang='grc'><strong>(6</strong></span> <span class='ocrx_word' id='word_1_213' title='bbox 659 3373 679 3412; x_wconf 91' lang='grc'><strong>,</strong></span> <span class='ocrx_word' id='word_1_214' title='bbox 734 3324 840 3413; x_wconf 84' lang='lat'><strong>1).</strong></span> <span class='ocrx_word' id='word_1_215' title='bbox 966 3319 1281 3420; x_wconf 84' lang='lat' dir='ltr'><strong>Semper</strong></span> <span class='ocrx_word' id='word_1_216' title='bbox 1330 3324 1571 3394; x_wconf 85' lang='lat' dir='ltr'><strong>autem</strong></span> <span class='ocrx_word' id='word_1_217' title='bbox 1619 3322 2108 3419; x_wconf 86' lang='lat' dir='ltr'><strong>praesumitur</strong></span> <span class='ocrx_word' id='word_1_218' title='bbox 2156 3327 2484 3394; x_wconf 89' lang='lat' dir='ltr'><strong>actorem</strong></span> <span class='ocrx_word' id='word_1_219' title='bbox 2533 3319 3060 3418; x_wconf 88' lang='lat' dir='ltr'><strong>locupletatum</strong></span> <span class='ocrx_word' id='word_1_220' title='bbox 3118 3343 3289 3395; x_wconf 89' lang='lat' dir='ltr'><strong>esse</strong></span> <span class='ocrx_word' id='word_1_221' title='bbox 3310 3373 3331 3411; x_wconf 85' lang='lat'>‚</span> <span class='ocrx_word' id='word_1_222' title='bbox 3406 3325 3473 3393; x_wconf 90' lang='lat' dir='ltr'><strong>si</strong></span> <span class='ocrx_word' id='word_1_223' title='bbox 3540 3345 3693 3396; x_wconf 90' lang='lat' dir='ltr'><strong>rem</strong></span> 
     </span>
     <span class='ocr_line' id='line_1_21' title="bbox 396 3457 3685 3561; baseline 0 -25"><span class='ocrx_word' id='word_1_224' title='bbox 396 3462 731 3537; x_wconf 85' lang='lat' dir='ltr'><strong>venalem</strong></span> <span class='ocrx_word' id='word_1_225' title='bbox 783 3457 1193 3553; x_wconf 55' lang='lat' dir='ltr'><strong>habuerat.</strong></span> <span class='ocrx_word' id='word_1_226' title='bbox 1267 3467 1394 3535; x_wconf 89' lang='lat' dir='ltr'><strong>aut</strong></span> <span class='ocrx_word' id='word_1_227' title='bbox 1443 3468 1524 3534; x_wconf 94' lang='lat' dir='ltr'><strong>ut</strong></span> <span class='ocrx_word' id='word_1_228' title='bbox 1575 3482 1738 3535; x_wconf 87' lang='lat' dir='ltr'><strong>eam</strong></span> <span class='ocrx_word' id='word_1_229' title='bbox 1787 3465 2187 3537; x_wconf 87' lang='lat' dir='ltr'><strong>occasione</strong></span> <span class='ocrx_word' id='word_1_230' title='bbox 2240 3461 2419 3536; x_wconf 89' lang='lat' dir='ltr'><strong>data</strong></span> <span class='ocrx_word' id='word_1_231' title='bbox 2464 3459 2871 3554; x_wconf 85' lang='lat' dir='ltr'><strong>venderet,</strong></span> <span class='ocrx_word' id='word_1_232' title='bbox 2941 3461 3078 3536; x_wconf 87' lang='lat' dir='ltr'><strong>sibi</strong></span> <span class='ocrx_word' id='word_1_233' title='bbox 3149 3471 3685 3561; x_wconf 82' lang='lat' dir='ltr'><strong>proposuerat,</strong></span> 
     </span>
     <span class='ocr_line' id='line_1_22' title="bbox 392 3599 3803 3702; baseline 0.001 -26"><span class='ocrx_word' id='word_1_234' title='bbox 392 3603 483 3677; x_wconf 84' lang='lat' dir='ltr'><strong>fr.</strong></span> <span class='ocrx_word' id='word_1_235' title='bbox 529 3606 647 3676; x_wconf 73' lang='lat'><strong>29.</strong></span> <span class='ocrx_word' id='word_1_236' title='bbox 700 3600 792 3677; x_wconf 87' lang='lat' dir='ltr'><strong>fr.</strong></span> <span class='ocrx_word' id='word_1_237' title='bbox 837 3600 946 3675; x_wconf 56' lang='lat'><strong>*38</strong></span> <span class='ocrx_word' id='word_1_238' title='bbox 996 3600 1092 3676; x_wconf 92' lang='grc'><strong>(16</strong></span> <span class='ocrx_word' id='word_1_239' title='bbox 1148 3600 1240 3675; x_wconf 80' lang='lat' dir='ltr'><strong>R.</strong></span> <span class='ocrx_word' id='word_1_240' title='bbox 1283 3599 1383 3674; x_wconf 88' lang='lat' dir='ltr'><strong>V.</strong></span> <span class='ocrx_word' id='word_1_241' title='bbox 1438 3604 1572 3694; x_wconf 79' lang='grc'><strong>(6,</strong></span> <span class='ocrx_word' id='word_1_242' title='bbox 1622 3603 1704 3693; x_wconf 82' lang='grc'><strong>1)</strong></span> <span class='ocrx_word' id='word_1_243' title='bbox 1756 3608 1885 3676; x_wconf 89' lang='lat' dir='ltr'><strong>aut</strong></span> <span class='ocrx_word' id='word_1_244' title='bbox 1936 3604 2002 3675; x_wconf 89' lang='lat' dir='ltr'><strong>si</strong></span> <span class='ocrx_word' id='word_1_245' title='bbox 2051 3606 2420 3701; x_wconf 80' lang='lat' dir='ltr'><strong>impensas</strong></span> <span class='ocrx_word' id='word_1_246' title='bbox 2472 3627 2519 3676; x_wconf 90' lang='lat' dir='ltr'><strong>a</strong></span> <span class='ocrx_word' id='word_1_247' title='bbox 2567 3624 3014 3702; x_wconf 89' lang='lat' dir='ltr'><strong>possessore</strong></span> <span class='ocrx_word' id='word_1_248' title='bbox 3064 3600 3305 3677; x_wconf 82' lang='lat' dir='ltr'><strong>factas</strong></span> <span class='ocrx_word' id='word_1_249' title='bbox 3353 3607 3516 3701; x_wconf 88' lang='lat' dir='ltr'><strong>ipse</strong></span> <span class='ocrx_word' id='word_1_250' title='bbox 3566 3603 3686 3681; x_wconf 84' lang='lat' dir='ltr'><strong>fe·</strong></span> <span class='ocrx_word' id='word_1_251' title='bbox 3798 3631 3803 3634; x_wconf 84' lang='grc'><em>·</em></span> 
     </span>
     <span class='ocr_line' id='line_1_23' title="bbox 392 3740 1807 3834; baseline -0.001 -18"><span class='ocrx_word' id='word_1_252' title='bbox 392 3746 641 3817; x_wconf 90' lang='lat' dir='ltr'><strong>cisset.</strong></span> <span class='ocrx_word' id='word_1_253' title='bbox 742 3742 875 3817; x_wconf 75' lang='lat' dir='ltr'><strong>Fr.</strong></span> <span class='ocrx_word' id='word_1_254' title='bbox 926 3744 1027 3831; x_wconf 78' lang='grc'><strong>38</strong></span> <span class='ocrx_word' id='word_1_255' title='bbox 1074 3740 1170 3816; x_wconf 88' lang='grc'><strong>(16</strong></span> <span class='ocrx_word' id='word_1_256' title='bbox 1220 3740 1312 3815; x_wconf 85' lang='lat' dir='ltr'><strong>R.</strong></span> <span class='ocrx_word' id='word_1_257' title='bbox 1365 3740 1467 3813; x_wconf 91' lang='lat' dir='ltr'><strong>V.</strong></span> <span class='ocrx_word' id='word_1_258' title='bbox 1520 3744 1652 3834; x_wconf 71' lang='grc' dir='ltr'><strong>(ὃ,</strong></span> <span class='ocrx_word' id='word_1_259' title='bbox 1700 3745 1807 3833; x_wconf 75' lang='lat'><strong>1).</strong></span> 
     </span>
    </p>

    <p class='ocr_par' dir='ltr' id='par_1_5' title="bbox 429 3879 3686 3998">
     <span class='ocr_line' id='line_1_24' title="bbox 429 3879 3686 3998; baseline -0.001 -42"><span class='ocrx_word' id='word_1_260' title='bbox 429 3900 440 3909; x_wconf 92' lang='lat'>·</span> <span class='ocrx_word' id='word_1_261' title='bbox 515 3978 536 3998; x_wconf 51' lang='lat'><strong>·</strong></span> <span class='ocrx_word' id='word_1_262' title='bbox 592 3882 686 3975; x_wconf 77' lang='lat' dir='ltr'><strong>b)</strong></span> <span class='ocrx_word' id='word_1_263' title='bbox 736 3879 1083 3957; x_wconf 86' lang='lat' dir='ltr'><strong>Necesse</strong></span> <span class='ocrx_word' id='word_1_264' title='bbox 1123 3889 1282 3975; x_wconf 85' lang='lat' dir='ltr'><strong>est,</strong></span> <span class='ocrx_word' id='word_1_265' title='bbox 1335 3880 1630 3957; x_wconf 87' lang='lat' dir='ltr'><strong>domino</strong></span> <span class='ocrx_word' id='word_1_266' title='bbox 1669 3880 1981 3956; x_wconf 85' lang='lat' dir='ltr'><strong>liberum</strong></span> <span class='ocrx_word' id='word_1_267' title='bbox 2022 3881 2120 3955; x_wconf 92' lang='lat' dir='ltr'><strong>sit</strong></span> <span class='ocrx_word' id='word_1_268' title='bbox 2160 3881 2578 3968; x_wconf 85' lang='lat' dir='ltr'><strong>arbitrium,</strong></span> <span class='ocrx_word' id='word_1_269' title='bbox 2630 3889 2867 3955; x_wconf 89' lang='lat' dir='ltr'><strong>utrum</strong></span> <span class='ocrx_word' id='word_1_270' title='bbox 2907 3884 3308 3957; x_wconf 87' lang='lat' dir='ltr'><strong>restituere</strong></span> <span class='ocrx_word' id='word_1_271' title='bbox 3329 3934 3350 3972; x_wconf 86' lang='lat'>‚</span> <span class='ocrx_word' id='word_1_272' title='bbox 3396 3904 3491 3955; x_wconf 88' lang='lat' dir='ltr'><strong>an</strong></span> <span class='ocrx_word' id='word_1_273' title='bbox 3532 3885 3686 3981; x_wconf 87' lang='lat' dir='ltr'><strong>pati</strong></span> 
     </span>
    </p>

    <p class='ocr_par' dir='ltr' id='par_1_6' title="bbox 389 4016 3690 4538">
     <span class='ocr_line' id='line_1_25' title="bbox 391 4016 3689 4121; baseline -0 -25"><span class='ocrx_word' id='word_1_274' title='bbox 391 4021 628 4114; x_wconf 85' lang='lat' dir='ltr'><strong>velit,</strong></span> <span class='ocrx_word' id='word_1_275' title='bbox 680 4028 763 4095; x_wconf 89' lang='lat' dir='ltr'><strong>ut</strong></span> <span class='ocrx_word' id='word_1_276' title='bbox 811 4024 1186 4121; x_wconf 90' lang='lat' dir='ltr'><strong>impensae</strong></span> <span class='ocrx_word' id='word_1_277' title='bbox 1235 4029 1363 4096; x_wconf 89' lang='lat' dir='ltr'><strong>aut</strong></span> <span class='ocrx_word' id='word_1_278' title='bbox 1411 4021 1772 4096; x_wconf 88' lang='lat' dir='ltr'><strong>tollantur</strong></span> <span class='ocrx_word' id='word_1_279' title='bbox 1820 4028 1950 4095; x_wconf 87' lang='lat' dir='ltr'><strong>aut</strong></span> <span class='ocrx_word' id='word_1_280' title='bbox 2000 4017 2479 4114; x_wconf 77' lang='lat' dir='ltr'><strong>deducantur</strong></span> <span class='ocrx_word' id='word_1_281' title='bbox 2509 4044 2556 4094; x_wconf 87' lang='lat' dir='ltr'><strong>a</strong></span> <span class='ocrx_word' id='word_1_282' title='bbox 2595 4042 3060 4121; x_wconf 87' lang='lat' dir='ltr'><strong>possessore.</strong></span> <span class='ocrx_word' id='word_1_283' title='bbox 3166 4016 3376 4107; x_wconf 82' lang='lat' dir='ltr'><strong>Quae</strong></span> <span class='ocrx_word' id='word_1_284' title='bbox 3430 4040 3560 4094; x_wconf 91' lang='lat' dir='ltr'><strong>res</strong></span> <span class='ocrx_word' id='word_1_285' title='bbox 3610 4027 3689 4095; x_wconf 82' lang='lat' dir='ltr'><strong>et</strong></span> 
     </span>
     <span class='ocr_line' id='line_1_26' title="bbox 391 4156 3690 4260; baseline 0 -26"><span class='ocrx_word' id='word_1_286' title='bbox 391 4184 550 4234; x_wconf 88' lang='lat' dir='ltr'><strong>cum</strong></span> <span class='ocrx_word' id='word_1_287' title='bbox 597 4161 778 4260; x_wconf 89' lang='lat' dir='ltr'><strong>ipsis</strong></span> <span class='ocrx_word' id='word_1_288' title='bbox 828 4158 1048 4259; x_wconf 87' lang='lat' dir='ltr'><strong>hujus</strong></span> <span class='ocrx_word' id='word_1_289' title='bbox 1104 4159 1489 4236; x_wconf 87' lang='lat' dir='ltr'><strong>doctrinae</strong></span> <span class='ocrx_word' id='word_1_290' title='bbox 1539 4163 1920 4260; x_wconf 88' lang='lat' dir='ltr'><strong>principiis</strong></span> <span class='ocrx_word' id='word_1_291' title='bbox 1972 4157 2369 4253; x_wconf 88' lang='lat' dir='ltr'><strong>cohaeret,</strong></span> <span class='ocrx_word' id='word_1_292' title='bbox 2428 4161 2599 4257; x_wconf 89' lang='lat' dir='ltr'><strong>quia</strong></span> <span class='ocrx_word' id='word_1_293' title='bbox 2649 4161 2928 4234; x_wconf 88' lang='lat' dir='ltr'><strong>actoris</strong></span> <span class='ocrx_word' id='word_1_294' title='bbox 2977 4156 3462 4255; x_wconf 89' lang='lat' dir='ltr'><strong>locupletatio</strong></span> <span class='ocrx_word' id='word_1_295' title='bbox 3512 4166 3690 4234; x_wconf 85' lang='lat' dir='ltr'><strong>tunc</strong></span> 
     </span>
     <span class='ocr_line' id='line_1_27' title="bbox 392 4292 3686 4394; baseline -0.001 -19"><span class='ocrx_word' id='word_1_296' title='bbox 392 4308 676 4394; x_wconf 89' lang='lat' dir='ltr'><strong>cessat,</strong></span> <span class='ocrx_word' id='word_1_297' title='bbox 754 4307 833 4376; x_wconf 90' lang='lat' dir='ltr'><strong>et</strong></span> <span class='ocrx_word' id='word_1_298' title='bbox 893 4292 1059 4374; x_wconf 84' lang='lat' dir='ltr'><strong>cum</strong></span> <span class='ocrx_word' id='word_1_299' title='bbox 1125 4300 1258 4374; x_wconf 88' lang='lat' dir='ltr'><strong>illa</strong></span> <span class='ocrx_word' id='word_1_300' title='bbox 1307 4302 1382 4373; x_wconf 90' lang='lat' dir='ltr'><strong>in</strong></span> <span class='ocrx_word' id='word_1_301' title='bbox 1434 4298 1764 4373; x_wconf 84' lang='lat' dir='ltr'><strong>omnibus</strong></span> <span class='ocrx_word' id='word_1_302' title='bbox 1817 4299 2322 4375; x_wconf 87' lang='lat' dir='ltr'><strong>contractibus</strong></span> <span class='ocrx_word' id='word_1_303' title='bbox 2375 4296 2849 4374; x_wconf 84' lang='lat' dir='ltr'><strong>observanda</strong></span> <span class='ocrx_word' id='word_1_304' title='bbox 2912 4296 3177 4394; x_wconf 81' lang='lat' dir='ltr'><strong>regula</strong></span> <span class='ocrx_word' id='word_1_305' title='bbox 3196 4350 3218 4389; x_wconf 85' lang='lat'>‚</span> <span class='ocrx_word' id='word_1_306' title='bbox 3289 4296 3686 4372; x_wconf 89' lang='lat' dir='ltr'><strong>secundum</strong></span> 
     </span>
     <span class='ocr_line' id='line_1_28' title="bbox 389 4431 3683 4538; baseline -0.002 -24"><span class='ocrx_word' id='word_1_307' title='bbox 389 4464 602 4537; x_wconf 89' lang='lat' dir='ltr'><strong>quam</strong></span> <span class='ocrx_word' id='word_1_308' title='bbox 650 4464 899 4534; x_wconf 89' lang='lat' dir='ltr'><strong>nemo,</strong></span> <span class='ocrx_word' id='word_1_309' title='bbox 952 4449 1033 4516; x_wconf 93' lang='lat' dir='ltr'><strong>ut</strong></span> <span class='ocrx_word' id='word_1_310' title='bbox 1068 4464 1223 4517; x_wconf 91' lang='lat' dir='ltr'><strong>rem</strong></span> <span class='ocrx_word' id='word_1_311' title='bbox 1254 4447 1490 4519; x_wconf 87' lang='lat' dir='ltr'><strong>emat.</strong></span> <span class='ocrx_word' id='word_1_312' title='bbox 1546 4443 1717 4536; x_wconf 80' lang='lat' dir='ltr'><strong>cogi</strong></span> <span class='ocrx_word' id='word_1_313' title='bbox 1751 4448 2021 4538; x_wconf 82' lang='lat' dir='ltr'><strong>potest.</strong></span> <span class='ocrx_word' id='word_1_314' title='bbox 2094 4433 2355 4513; x_wconf 87' lang='lat' dir='ltr'><strong>Const.</strong></span> <span class='ocrx_word' id='word_1_315' title='bbox 2398 4440 2513 4510; x_wconf 79' lang='lat'><strong>16.</strong></span> <span class='ocrx_word' id='word_1_316' title='bbox 2549 4431 2742 4510; x_wconf 85' lang='lat' dir='ltr'><strong>Cod.</strong></span> <span class='ocrx_word' id='word_1_317' title='bbox 2777 4434 2879 4511; x_wconf 91' lang='lat' dir='ltr'><strong>de</strong></span> <span class='ocrx_word' id='word_1_318' title='bbox 2897 4440 3070 4535; x_wconf 90' lang='lat' dir='ltr'><strong>jure</strong></span> <span class='ocrx_word' id='word_1_319' title='bbox 3106 4434 3333 4537; x_wconf 82' lang='lat' dir='ltr'><strong>delib.</strong></span> <span class='ocrx_word' id='word_1_320' title='bbox 3362 4440 3483 4528; x_wconf 73' lang='grc'><strong>(6,</strong></span> <span class='ocrx_word' id='word_1_321' title='bbox 3517 4437 3683 4530; x_wconf 78' lang='grc'><strong>30].</strong></span> 
     </span>
    </p>

    <p class='ocr_par' dir='ltr' id='par_1_7' title="bbox 584 4562 3687 4679">
     <span class='ocr_line' id='line_1_29' title="bbox 584 4562 3687 4679; baseline -0.002 -24"><span class='ocrx_word' id='word_1_322' title='bbox 584 4582 675 4674; x_wconf 78' lang='lat' dir='ltr'><strong>c)</strong></span> <span class='ocrx_word' id='word_1_323' title='bbox 756 4578 846 4657; x_wconf 83' lang='lat' dir='ltr'><strong>Si</strong></span> <span class='ocrx_word' id='word_1_324' title='bbox 897 4583 1240 4679; x_wconf 88' lang='lat' dir='ltr'><strong>impensis</strong></span> <span class='ocrx_word' id='word_1_325' title='bbox 1292 4576 1644 4655; x_wconf 89' lang='lat' dir='ltr'><strong>tollendis</strong></span> <span class='ocrx_word' id='word_1_326' title='bbox 1695 4577 1989 4654; x_wconf 91' lang='lat' dir='ltr'><strong>domino</strong></span> <span class='ocrx_word' id='word_1_327' title='bbox 2064 4562 2571 4652; x_wconf 73' lang='lat' dir='ltr'><strong>detrimentum</strong></span> <span class='ocrx_word' id='word_1_328' title='bbox 2636 4599 2727 4652; x_wconf 85' lang='lat' dir='ltr'><strong>ac</strong></span> <span class='ocrx_word' id='word_1_329' title='bbox 2790 4575 3174 4652; x_wconf 86' lang='lat' dir='ltr'><strong>molestiae</strong></span> <span class='ocrx_word' id='word_1_330' title='bbox 3241 4576 3687 4670; x_wconf 82' lang='lat' dir='ltr'><strong>afferuntur,</strong></span> 
     </span>
    </p>
   </div>
   <div class='ocr_carea' id='block_1_3' title="bbox 386 4713 3687 4818">
    <p class='ocr_par' dir='ltr' id='par_1_8' title="bbox 386 4713 3687 4818">
     <span class='ocr_line' id='line_1_30' title="bbox 386 4713 3687 4818; baseline -0.001 -27"><span class='ocrx_word' id='word_1_331' title='bbox 386 4715 659 4797; x_wconf 82' lang='lat' dir='ltr'><strong>habeat</strong></span> <span class='ocrx_word' id='word_1_332' title='bbox 692 4718 873 4811; x_wconf 86' lang='lat' dir='ltr'><strong>sibi,</strong></span> <span class='ocrx_word' id='word_1_333' title='bbox 924 4717 1116 4794; x_wconf 88' lang='lat' dir='ltr'><strong>haec</strong></span> <span class='ocrx_word' id='word_1_334' title='bbox 1144 4721 1334 4795; x_wconf 87' lang='lat' dir='ltr'><strong>enim</strong></span> <span class='ocrx_word' id='word_1_335' title='bbox 1370 4745 1418 4793; x_wconf 94' lang='lat' dir='ltr'><strong>a</strong></span> <span class='ocrx_word' id='word_1_336' title='bbox 1448 4741 1889 4818; x_wconf 89' lang='lat' dir='ltr'><strong>possessore</strong></span> <span class='ocrx_word' id='word_1_337' title='bbox 1931 4740 2078 4794; x_wconf 76' lang='lat' dir='ltr'><strong>non</strong></span> <span class='ocrx_word' id='word_1_338' title='bbox 2111 4724 2463 4792; x_wconf 85' lang='lat' dir='ltr'><strong>curantur</strong></span> <span class='ocrx_word' id='word_1_339' title='bbox 2482 4770 2504 4809; x_wconf 88' lang='lat'>,</span> <span class='ocrx_word' id='word_1_340' title='bbox 2557 4738 2716 4814; x_wconf 84' lang='lat' dir='ltr'><strong>arg.</strong></span> <span class='ocrx_word' id='word_1_341' title='bbox 2750 4715 2844 4790; x_wconf 90' lang='lat' dir='ltr'><strong>fr.</strong></span> <span class='ocrx_word' id='word_1_342' title='bbox 2879 4718 2980 4789; x_wconf 80' lang='lat'><strong>3⁷</strong></span> <span class='ocrx_word' id='word_1_343' title='bbox 3017 4713 3113 4792; x_wconf 92' lang='lat' dir='ltr'><strong>de</strong></span> <span class='ocrx_word' id='word_1_344' title='bbox 3149 4716 3240 4790; x_wconf 77' lang='lat' dir='ltr'><strong>R.</strong></span> <span class='ocrx_word' id='word_1_345' title='bbox 3275 4715 3381 4790; x_wconf 85' lang='lat' dir='ltr'><strong>V.</strong></span> <span class='ocrx_word' id='word_1_346' title='bbox 3419 4720 3531 4809; x_wconf 79' lang='grc'><strong>(6,</strong></span> <span class='ocrx_word' id='word_1_347' title='bbox 3577 4720 3687 4808; x_wconf 79' lang='grc'><strong>1).</strong></span> 
     </span>
    </p>
   </div>
   <div class='ocr_carea' id='block_1_4' title="bbox 554 4996 2874 5194">
    <p class='ocr_par' dir='ltr' id='par_1_9' title="bbox 554 4996 2874 5194">
     <span class='ocr_line' id='line_1_31' title="bbox 554 4996 1676 5074; baseline 0.002 -18"><span class='ocrx_word' id='word_1_348' title='bbox 554 4996 1676 5074; x_wconf 58' lang='grc' dir='ltr'><strong>(θυοηοιιωιαμηομτ.</strong></span> 
     </span>
     <span class='ocr_line' id='line_1_32' title="bbox 2820 5126 2874 5194; baseline 0 0"><span class='ocrx_word' id='word_1_349' title='bbox 2820 5126 2874 5194; x_wconf 71' lang='lat'><em>2</em></span> 
     </span>
    </p>
   </div>
  </div>
 </body>
</html>
