4782 6002
2477 441 2568 524 Η

860 686 1191 781 spectari,
1244 705 1440 779 quam
1494 681 1578 768 ad
1633 683 1967 768 litera-um
1993 682 2249 773 studia,
2296 691 2668 774 nemost,
2722 688 2832 778 qni
2859 705 3111 777 negare
3140 689 3367 780 possit.
3477 685 3703 781 Imque
3756 684 4165 766 esa-mdio-

866 845 1095 914 sorum
1148 793 1506 909 sodalitiis,
1558 822 1772 915 qualia
1827 844 2003 906 nunc
2051 822 2511 916 reperiuntur,
2553 821 2736 900 -nihil
2799 822 2988 916 quod
3038 822 3124 896 ad
3173 823 3512 902 literarum
3577 824 3794 902 studia
3857 825 4175 921 imprimis

868 960 950 1042 ad
997 962 1113 1052 jus
1138 956 1548 1048 canonicum
1600 963 1925 1055 pertinet,
1977 959 2203 1054 colligi
2252 981 2496 1054 posse,
2545 959 2668 1036 sed
2723 960 3146 1057 tripetias
3199 965 3467 1058 quaeri„
3521 971 3594 1038 nt
3633 959 4178 1044 nobilis-statu

869 1110 935 1171 et
989 1099 1300 1171 honestas
1354 1101 1533 1170 vitae
1587 1100 1759 1169 inter
1811 1097 2143 1172 studiosos
2197 1096 2684 1192 quommodo
2737 1109 3175 1182 consonent
3195 1153 3218 1188 ‚
3271 1103 3596 1180 neminem
3650 1098 3834 1195 fugit

1070 1425 1222 1498 Jam
1276 1424 1363 1496 de
1414 1423 1838 1515 dignitatibus
1865 1435 1931 1496 et
1956 1421 2321 1497 honoribus
2351 1421 2749 1497 academicis
2776 1429 2986 1521 iisque
3012 1425 3434 1500 conferendis
3466 1428 3776 1499 nonnulla
3801 1428 4182 1499 afferamus.

1077 1562 1409 1656 Theologi
1463 1560 1548 1633 ab
1603 1565 1787 1634 initio
1840 1561 2106 1635 fuerunt
2156 1566 2455 1657 magistri
2505 1567 2573 1635 in
2627 1561 2913 1651 artibus,
2963 1574 3198 1659 postea
3251 1575 3645 1659 receperunt
3699 1563 3947 1637 titulum
4000 1561 4176 1634 doc-

854 1665 1045 1775 ‘toris
1098 1699 1561 1788 decretorum3
1610 1700 1885 1792 majoris
1939 1719 2107 1771 vero
2162 1704 2473 1772 momenti
2527 1699 2592 1772 id
2648 1707 2771 1791 est,
2824 1699 3000 1794 quod
3027 1699 3282 1773 flector
3301 1701 3768 1775 Universitatis
3822 1723 3861 1772 e
3913 1697 4177 1794 Magis-

874 1842 991 1911 tris
1058 1836 1459 1931 eligebatur:
1513 1835 1794 1930 ideoque
1849 1837 2084 1910 doctor
2132 1833 2553 1910 decretorum
2607 1838 2785 1912 nulio
2805 1839 3005 1913 modo
3059 1862 3152 1911 ex
3201 1839 3326 1911 hac
3378 1839 3725 1932 dignitate,
3781 1839 3898 1911 sed
3929 1847 4177 1912 tantum

871 1982 929 2051 si
985 1981 1305 2072 magister
1362 1978 1428 2047 in
1482 1975 1733 2049 artibus
1787 1977 1975 2048 simun
2028 1979 2278 2063 extitit,
2333 1972 2812 2049 admittebatur.
2920 1974 3066 2048 Nec
3094 1981 3306 2049 minus
3349 1975 3643 2050 medicus
3679 1987 3822 2049 erat
3873 1979 4187 2070 magister

876 2120 945 2188 in
1003 2113 1299 2202 arubae,
1352 2117 1707 2209 variasque
1782 2115 1966 2186 vices
2020 2124 2088 2185 et
2136 2114 2269 2186 fata
2321 2135 2455 2187 non
2525 2112 2657 2186 tam
2729 2135 2772 2185 e
2837 2113 3007 2187 libro
3061 2114 3515 2187 Achermanni
3583 2115 3782 2188 valde
3851 2113 4182 2187 celebrato

876 2254 962 2324 de
1013 2251 1244 2325 schola
1297 2251 1711 2324 Salernitana
1732 2305 1753 2341 ‚
1824 2274 2017 2344 quam
2088 2272 2180 2323 ex
2250 2257 2530 2345 egregio
2603 2272 2809 2349 opere
2875 2249 3099 2325 Bulaei
3170 2251 3253 2324 de
3323 2252 3769 2325 Universitate
3839 2251 4194 2325 parisiensi

877 2372 1299 2483 cognoscere
1354 2389 1529 2463 licet.
1629 2388 1898 2482 Legista
1951 2410 2087 2462 non
2139 2410 2298 2461 raro
2351 2387 2733 2483 dignitatem
2785 2413 2972 2465 suam
3050 2390 3387 2465 referebat
3439 2390 3526 2463 ad
3578 2390 4070 2463 Bononiensem
4121 2400 4189 2464 et

883 2526 1441 2601 Aurelianensem
1477 2526 2007 2600 Universitatem.
2114 2527 2313 2624 Apud
2364 2526 2899 2603 IJltramontanos
2951 2540 3018 2603 et
3067 2525 3601 2603 Uitrainontanos
3658 2533 3991 2626 utriusque
4019 2531 4189 2620 Juris

886 2663 1203 2739 doctores
1231 2667 1289 2738 si
1314 2674 1505 2738 erant
1553 2666 1745 2757 laici,
1800 2664 2366 2760 distinguebantur
2419 2692 2459 2740 a
2513 2671 2882 2761 magistris,
2909 2691 2914 2700 ·
2939 2665 3217 2762 adquos
3245 2670 3468 2740 clerici
3521 2677 3829 2761 tanquam
3883 2665 4191 2739 doctores

883 2801 1303 2876 ‹temtor-um
1355 2805 1745 2900 saepissime
1796 2802 2229 2902 pertinebant.

944 3033 954 3051 ι
1092 2941 1284 3031 Quod
1334 2943 1505 3017 ‘vero
1559 2919 1803 3017 Serti
1853 2953 2122 3039 praeter
2173 2952 2427 3038 septem
2483 2954 2659 3016 artes
2709 2943 3189 3040 philosophiam
3220 2966 3484 3041 quoque
3512 2952 3821 3017 recenset
3863 2941 4195 3039 prioribus

883 3081 1171 3155 saeculis
1221 3091 1532 3175 tanquam
1600 3083 1937 3177 proprium
2008 3079 2352 3153 doetrinae
2404 3084 2662 3176 gerim,
2729 3079 2967 3155 falsum
3035 3081 3334 3172 videtur,
3405 3104 3552 3154 cum
3624 3081 4034 3179 philosophia
4106 3081 4187 3155 ad

884 3224 1065 3291 artes
1115 3220 1507 3313 pertineret:
1562 3217 1629 3291 id
1681 3228 2009 3312 expresse
2059 3217 2303 3291 indicat
2351 3218 2636 3292 Bulaeus
2665 3234 3035 3317 'exponens
3053 3273 3073 3310 ‚
3128 3196 3446 3295 lectiones
3491 3222 3868 3293 literaturae
3894 3218 4195 3293 Graecae

883 3356 971 3427 ad
1027 3358 1521 3450 grammaticam
1574 3365 1917 3452 spectare,
1972 3377 2189 3450 neque
2241 3354 2327 3429 de
2380 3357 2831 3453 metaphysica
2885 3369 2953 3430 et
3004 3355 3418 3453 philosophia
3473 3359 3752 3432 naturali
3805 3368 4112 3433 tractare.

1090 3493 1511 3590 Philosophia
1578 3496 1720 3590 ipsa
1792 3504 1937 3567 erat
2004 3516 2162 3590 pars
2232 3492 2595 3569 dialectica.
2701 3495 2985 3568 Bulaeus
3053 3495 3162 3568 lib.
3215 3496 3323 3572 lll.
3376 3496 3481 3569 82
3547 3498 3839 3595 profert:
3917 3496 4186 3591 „legant

888 3629 1101 3704 libros
1153 3630 1537 3704 Aristotelis
1606 3631 1691 3703 de
1740 3629 2119 3723 dialectiea,
2190 3632 2357 3705 duos
2411 3633 2783 3706 Priscianos
2802 3687 2824 3723 .,
2876 3635 3100 3727 legant
3167 3632 3604 3729 philosophos
3677 3647 3745 3708 et
3804 3635 4180 3725 Rhetorica,

884 3768 1313 3865 quadrivilia,
1364 3767 1841 3841 barbarismum
1894 3779 1963 3843 et
2012 3770 2330 3860 ethicam,
2385 3776 2686 3867 quartum
2735 3774 3145 3867 topicorumx
3217 3792 3380 3845 non
3451 3772 3759 3866 legantur
3811 3772 3954 3845 libri
4008 3772 4185 3844 Ari·-

885 3908 1141 3980 stotelis
1194 3907 1280 3980 de
1330 3906 1782 4002 metaphysica
1836 3917 1904 3978 et
1953 3909 2231 3980 naturali
2282 3907 2736 4004 pln‘Iosophia‚
2787 3928 2916 3981 nec
2949 3922 3202 3981 summa
3259 3906 3344 3981 de
3397 3906 3643 3982 eisdem
3675 3902 3789 3985 Μ.
3841 3908 4060 3983 David
4100 3908 4185 3982 de

895 4044 1119 4117 dinant
1170 4054 1297 4117 aut»
1334 4045 1651 4117 Almerici
1702 4042 2013 4117 haeretici
2067 4055 2179 4118 aut
2226 4044 2515 4118 Mam-itii
2567 4042 3054 4141 Hispanici“.‘]
3443 4020 3448 4025 .

1096 4181 1172 4253 ln
1202 4179 1757 4255 universitatibus
1811 4180 2303 4257 ultramontanis
2328 4186 2515 4255 initio
2567 4182 2850 4275 legistae
2922 4182 3229 4256 doctores
3301 4185 3451 4257 laici
3525 4184 3610 4258 ad
3661 4180 4178 4257 Universitatem

918 4418 1139 4427 Μ.-

1092 4533 1159 4614 *)
1203 4541 1543 4599 Bulaeus
1601 4543 1709 4600 111.
1773 4544 1873 4603 82.
1932 4542 2025 4599 'Pu
2069 4542 2189 4599 vid.
2246 4540 2608 4623 cat-togam
2663 4496 2952 4601 librorum
3011 4543 3077 4603 in
3133 4540 3312 4603 Univ.
3373 4542 3670 4618 hegensi
3726 4541 3910 4617 apud.
3948 4540 4192 4618 Voigt

881 4674 1024 4734 pag.
1074 4660 1177 4718 98.
