4782 6002
718 593 790 666 Ε.

717 784 826 859 ris
874 801 1283 881 congerere
1329 742 1607 873 bellet,
1654 776 2005 853 historica
2052 775 2337 851 ratione
2384 772 2755 886 conficere
2802 797 2952 852 non
3005 777 3184 852 satis
3227 777 3393 879 ipse
3425 797 3655 854 ausus
3700 783 3839 863 est.
3910 779 4144 872 Quum

724 921 907 1000 nihil
955 921 1154 998 aliud
1204 944 1303 998 ex
1352 919 1498 994 hoc
1548 938 1862 1017 corpore
1897 917 2098 1016 juris
2144 915 2513 994 enucleati
2568 938 2774 1015 quam
2805 916 3384 1008 constitutionem
3422 914 3513 993 ab
3557 919 3722 1019 ipso
3763 918 3980 998 latam
4027 920 4149 996 ef-

726 1065 958 1143 ficere
1004 1063 1274 1154 vellet,
1312 1084 1361 1133 a
1407 1077 1595 1134 vero
1644 1060 1901 1132 iterum
1949 1055 2359 1166 aberravit,
2400 1055 2712 1133 membra
2758 1054 3093 1158 disjecit=
3135 1055 3272 1136 sed
3323 1082 3532 1134 unum
3581 1054 3657 1131 id
3707 1065 4150 1136 consecutus

733 1213 890 1299 est,
933 1210 1007 1279 ut
1032 1200 1395 1305 JCtorum
1419 1199 1901 1273 Romanorum
1940 1218 2239 1274 acumen
2271 1203 2347 1272 et
2373 1202 2846 1297 sagacitatem
2893 1204 2976 1276 in
3003 1199 3440 1276 monendo
3473 1207 3555 1276 et
3579 1200 4152 1300 interpretando

725 1342 1196 1435 admiremur,
1247 1341 1622 1439 librosque
1670 1337 2065 1416 habeamus
2114 1341 2227 1414 sui
2275 1341 2570 1437 generis
2618 1341 2917 1434 υιιίοοε,
2967 1362 3060 1417 ae
3108 1354 3408 1442 prorsus
3458 1342 3879 1442 primarios,
3943 1366 4146 1442 qua-

724 1485 840 1562 les
884 1490 1054 1562 sunt
1102 1481 1262 1558 libri
1313 1478 1519 1557 Sscti
1567 1477 1991 1577 Evangelii.
2571 1489 2581 1496 ’

926 1623 1197 1700 Officio
1244 1620 1692 1719 legislatoris
1739 1641 1888 1694 non
1936 1617 2293 1695 satisfecit
2350 1619 2779 1724 Imperator.
2864 1616 3290 1706 Pandectae
3360 1625 3632 1717 nmen,
3686 1642 3850 1698 cum
3899 1643 4154 1700 omnes

664 1854 671 1862 J
728 1766 984 1863 reliqui
1035 1762 1277 1839 fontes
1325 1763 1594 1861 antiqui
1634 1762 1825 1861 juris
1874 1782 2020 1836 non
2101 1762 2406 1861 amplius
2473 1768 2771 1855 extent,
2844 1781 2991 1837 non
3055 1762 3290 1836 solum
3353 1762 3834 1860 antiquitatis,
3893 1761 4033 1839 sed
4081 1771 4158 1840 et

730 1928 1084 1986 novarum
1135 1927 1369 1980 rerum
1415 1900 1839 2000 aequalibus
1891 1904 2163 1979 nostris
2212 1911 2382 1978 sunt
2431 1903 2716 1979 unicum
2761 1907 2834 1977 et
2883 1903 3086 2000 quasi
3116 1900 3516 2003 perfectum
3551 1904 3747 2002 juris
3795 1906 4150 1982 scientiae

733 2044 1255 2122 documentum.

825 2177 838 2192 ⁸
936 2184 1177 2284 Cujus
1228 2187 1765 2284 interpretatio,
1817 2163 1903 2259 ut
1941 2205 2074 2284 per
2123 2205 2209 2259 se
2258 2182 2682 2261 difficillima
2733 2189 2886 2277 est,
2951 2183 3052 2258 ita
3098 2180 3507 2283 impeditior
3555 2181 3884 2260 redditur
3946 2178 4153 2263 meu-

733 2326 891 2420 dis,
944 2324 1377 2421 consiliique
1428 2327 1865 2418 temeritate,
1917 2347 2105 2423 qnae
2153 2321 2586 2401 Justiniam·
2629 2323 2847 2424 culpa
2895 2326 3272 2400 commissa
3321 2330 3487 2400 sunt
3524 2327 3618 2419 ¹).

941 2467 1149 2542 Haec
1198 2487 1384 2541 vero
1432 2464 1532 2541 de
1580 2468 1916 2563 Digestis
1964 2465 2109 2541 hoc
2157 2465 2334 2542 loco
2395 2464 2798 2558 sufficiant,
2869 2461 3066 2561 quod
3131 2484 3317 2564 opus
3362 2462 3840 2540 Justiniano
3877 2463 4156 2567 despe-

738 2613 963 2685 ratum
1026 2605 1453 2701 videbatur,
1533 2611 1890 2708 cujusque
1964 2607 2287 2681 rationes
2357 2612 2433 2680 et
2493 2607 2700 2682 vires
2749 2629 2795 2681 a
2867 2604 3139 2680 nostris
3213 2601 3421 2678 Juris
3470 2604 3924 2683 Doetoribus
3990 2616 4160 2709 pou

744 2742 1135 2850 GuJacium
1185 2754 1260 2823 et
1308 2747 1499 2822 alios
1539 2747 1947 2823 luculenter
1993 2747 2511 2845 intelliguntur.
3553 2772 3566 2780 ·

935 2887 1038 2964 B.
1141 2887 1349 2979 Quae
1396 2885 1891 2964 Justinianm
1952 2890 2022 2962 in
2089 2888 2532 2964 collectione
2596 2888 2866 2987 jurium
2933 2906 3287 2987 perverse
3352 2881 3575 2979 fecit,
3659 2884 3864 2962 nullo
3931 2883 4153 2962 modo

738 3032 1070 3107 correxit
1117 3032 1191 3105 in
1243 3053 1443 3107 novo
1485 3034 1658 3128 jure
1702 3028 2243 3107 constituendo.
2345 3028 2533 3107 Cum
2564 3028 2930 3107 Auamma
2979 3052 3032 3105 A
3065 3026 3286 3103 Losa
3333 3025 3642 3105 indicem
3701 3029 4160 3109 constitutio-

741 3195 942 3265 num,
1015 3194 1198 3269 quae
1261 3195 1309 3246 a
1381 3167 1886 3247 Constantino
1948 3191 2181 3267 usque
2248 3168 2345 3244 ad
2410 3167 2950 3245 Juetiwum·
3004 3168 3505 3270 promulgatae
3565 3176 3733 3247 sunt
3756 3220 3779 3261 ‚
3855 3167 4163 3245 feeerit:

740 3308 907 3384 mihi
956 3311 1282 3385 relictum
1331 3320 1489 3406 est,
1559 3317 1638 3386 ut
1686 3311 2119 3413 paucissima
2185 3309 2281 3385 de
2344 3307 2981 3385 constitutionibus
3028 3305 3457 3384 Justiniani
3524 3330 3627 3382 ex
3692 3304 3954 3385 ordine
4001 3305 4167 3389 Co-

734 3447 929 3525 dicis
950 3538 956 3545 ·
974 3448 1449 3527 Justinianoe·
1492 3451 1824 3527 referam.

922 3588 1199 3689 ,Nostri
1253 3594 1596 3691 temporis
1646 3613 1793 3665 non
1841 3593 2186 3684 interest,
2240 3589 2412 3688 quid
2460 3589 2958 3667 Juetiniamae
3003 3595 3078 3668 in
3127 3591 3356 3691 primo
3404 3586 3594 3663 libro
3666 3587 3763 3665 de
3811 3588 4161 3665 ecclesiis

742 3736 816 3804 et
865 3726 1239 3832 episcopis
1290 3738 1364 3805 et
1419 3727 1870 3809 Christianis
1920 3733 2415 3826 constituerit,
2485 3733 2648 3830 quia
2700 3729 2882 3809 baec
2929 3728 3380 3807 solummodo
3432 3729 3527 3806 ad
3591 3729 3963 3807 historiam
4029 3752 4166 3811 θο-

745 3866 1223 3947 clesiasticam
1274 3878 1351 3946 et
1398 3869 1495 3945 ad
1531 3874 1666 3971 jus
1716 3874 2138 3948 canonicum
2187 3876 2502 3974 priorum
2568 3872 3026 3953 saeculorum
3075 3874 3434 3973 pertinent
3460 3880 3500 3945 ε’
3560 3873 3794 3947 nostri
3841 3890 3992 3946 non
4042 3871 4195 3946 iu-‚

746 4196 757 4211 .
906 4141 1332 4222 1).Conreras
1370 4178 1452 4193 —-
1491 4151 1653 4209 inter
1684 4149 1942 4224 plurima
1988 4153 2267 4225 exempla
2310 4167 2390 4209 ea
2430 4166 2590 4227 quae
2626 4166 2665 4208 a
2702 4151 2874 4210 Jctis
2900 4148 3187 4211 Romanis
3225 4151 3423 4209 relata
3462 4153 3610 4210 sunt
3646 4145 3725 4207 de
3761 4146 4166 4222 computanda

745 4258 967 4327 quarta
1007 4254 1281 4311 Faicidia
1336 4254 1680 4329 legatorum
1726 4271 2106 4335 annuorum,
2168 4259 2586 4315 alimentorum
2636 4259 2701 4314 et
2753 4258 3170 4320 ususfructus.
3253 4258 3425 4313 Duae
3463 4258 3609 4313 sunt
3660 4254 3967 4313 rationesz
4009 4265 4168 4324 una,

743 4369 903 4430 quae
942 4354 1326 4417 cautionibus
1371 4359 1653 4418 adhibitis
1693 4362 2001 4434 perficitur
2040 4358 2129 4436 (si
2173 4365 2279 4420 vel
2320 4378 2482 4420 unus
2520 4362 2864 4435 legatarius
2905 4359 3114 4436 adest,
3170 4361 3273 4417 vei
3316 4361 3526 4432 piures
3567 4360 3629 4417 in
3669 4358 3890 4417 annuis
3929 4356 4163 4429 legatis

743 4457 1003 4518 institui
1042 4462 1264 4521 adsunt
1304 4464 1608 4538 simulque
1647 4480 1783 4522 cum
1824 4466 1901 4524 iis
1933 4465 2293 4542 succedunt,
2322 4467 2427 4539 qui
2468 4465 2530 4523 iu
2577 4464 2774 4522 solida
2813 4479 2882 4521 re
2923 4463 3123 4521 vocati
3160 4462 3332 4536 sunt)
3370 4465 3587 4531 altera,
3624 4477 3785 4538 quae
3829 4455 4168 4533 definitiva

748 4562 923 4635 quasi
953 4567 1359 4623 transactione
1398 4573 1777 4640 computatur
1818 4583 1896 4626 ex
1921 4568 2229 4641 principiis
2269 4570 2435 4643 legis
2470 4570 2893 4643 sexagesimae
2925 4574 3183 4628 octavae
3211 4572 3284 4628 D.
3316 4569 3394 4627 ad
3423 4571 3449 4628 l
3485 4570 3837 4631 Faicidiam.
3879 4568 4179 4626 conferas

596 4658 605 4670 “
746 4679 990 4740 quoque
1032 4665 1360 4725 doctrinam
1403 4670 1850 4730 celeberrimam
1895 4672 1971 4730 de
2005 4671 2165 4744 juris
2206 4677 2267 4731 et
2306 4675 2457 4731 facti
2511 4673 2889 4749 ignorantia,
2931 4673 3006 4732 de
3055 4689 3176 4747 qua
3219 4677 3598 4761 Ssvmmrns
3640 4682 3779 4731 tom.
3817 4675 3935 4732 111.
4008 4674 4180 4730 Pau-

744 4769 1058 4829 dectarum
1100 4770 1383 4842 disserit,
1418 4774 1821 4847 Papinianum
1862 4778 2057 4835 solum
2099 4777 2176 4835 de
2218 4792 2426 4835 errore
2471 4779 2834 4836 feminarum
2877 4780 3148 4836 locutum
3189 4792 3360 4853 esse,
3423 4780 3573 4837 iicet
3625 4776 4013 4835 justinianus
4052 4790 4181 4850 ge·-

742 4878 1015 4955 net-aiem
1046 4870 1191 4936 inde'
1221 4874 1505 4936 exhibeat
1532 4873 1698 4954 juris
1723 4879 2104 4941 divisionem.
2175 4882 2348 4953 Quae
2388 4896 2543 4941 vero
2582 4898 2622 4942 a
2651 4886 2987 4944 surano
3027 4877 3181 4944 satis
3223 4880 3472 4956 probata
3505 4880 3710 4941 ruine
3749 4894 3870 4939 uon
3911 4884 4185 4956 apparet.
