4782 6002
1887 421 1979 495 53

642 569 891 643 Prima
931 587 1037 643 est
1085 569 1673 647 conventionalis
1692 626 1711 658 ,
1767 597 1937 673 quae
1977 596 2065 644 ex
2105 587 2319 675 pacto
2361 589 2437 645 et
2469 570 2802 674 partium
2842 572 3335 647 conventione

540 719 873 797 expressa
910 694 1385 798 producitur,
1418 712 1491 770 et
1528 695 1663 770 ista
1697 693 1942 800 prima
1967 695 2237 799 species
2267 696 2350 770 in
2387 695 2778 800 specialem
2811 714 2886 770 et
2920 698 3334 797 generalem

543 818 1045 922 distinguitur.
1374 824 1389 840 “

641 946 979 1021 Secunda
1007 964 1113 1021 est
1146 948 1411 1035 tacita,
1453 972 1622 1049 quae
1656 948 1906 1048 legalis
1941 946 2255 1036 dicitur,
2286 947 2673 1023 inducitur
2702 949 2909 1025 enim
2942 950 2986 1022 Ta
3025 949 3179 1049 lege
3218 950 3333 1024 vel

547 1091 838 1147 statuto.
3319 1078 3334 1091 '

646 1199 893 1273 Tertia
951 1215 1056 1272 est
1098 1199 1442 1301 praetoria
1459 1256 1479 1286 ‚
1530 1224 1699 1302 quae
1751 1196 2138 1273 inducitur
2193 1217 2452 1273 contra
2502 1225 2715 1273 reum
2771 1199 3184 1273 immissum
3234 1199 3333 1273 ob

548 1323 1115 1398 contumaciam.

647 1448 933 1545 Quarta
958 1467 1063 1523 est
1095 1447 1506 1551 judicialiS‚
1536 1476 1711 1524 cum
1751 1449 2208 1553 praecedente
2243 1450 2602 1524 sententia
2630 1448 3015 1525 definitiva
3050 1451 3132 1524 in
3165 1477 3337 1524 cau-

546 1601 702 1648 sam
741 1573 1055 1677 judicati
1094 1575 1388 1679 capitur
1431 1576 1717 1679 pignus.

647 1701 895 1776 Prima
934 1701 1202 1807 species
1232 1699 1675 1805 hypothecae
1715 1701 2302 1778 conventionalis
2345 1703 2428 1777 in
2464 1703 2704 1807 specie
2730 1702 2846 1792 fit,
2883 1700 3192 1805 quando
3221 1726 3336 1774 res

550 1828 1019 1933 particularis
1068 1847 1141 1903 et
1186 1846 1390 1903 certa
1435 1828 1839 1929 obligatur,
1882 1827 2192 1931 quando
2237 1856 2391 1904 non
2432 1848 2539 1903 est
2583 1828 2971 1904 indefinita
3016 1847 3091 1903 et
3130 1827 3339 1903 inde-

554 1957 981 2044 terminata,
1050 1955 1429 2030 bonorum
1484 1954 1828 2030 omnium
1880 1982 2154 2060 praesen
2166 1956 2354 2030 tium
2424 1973 2648 2058 atque
2696 1954 3157 2041 futurorum,
3214 1953 3339 2028 sed

554 2082 947 2157 terminata
982 2108 1123 2186 pro
1158 2080 1373 2156 certis
1405 2079 1639 2156 boniS.

652 2208 993 2309 Specialis
1044 2206 1470 2312 hypotheca
1527 2223 1908 2282 contracta
1964 2204 2272 2295 dicitur,
2312 2204 2624 2306 quando
2674 2203 2866 2279 dixit
2918 2204 3218 2280 debitor
3267 2232 3338 2279 se

554 2336 897 2440 obligare·
920 2334 1119 2410 bona
1158 2333 1413 2408 omnia
1452 2351 1526 2407 et
1559 2333 1848 2435 singula
1866 2390 1885 2421 ‚
1926 2332 2312 2436 praesentia
2351 2350 2427 2406 et
2458 2332 2729 2406 futura.

642 2459 1039 2536 Generalis
1072 2477 1325 2534 autem
1351 2456 1777 2562 hypotheca
1804 2482 2131 2561 expressa
2157 2475 2231 2532 et
2255 2456 2775 2533 conventional
2785 2457 2843 2532 is
2865 2474 3002 2545 est,
3032 2456 3339 2560 quando

556 2606 752 2663 certa
794 2613 908 2661 res
942 2586 1058 2662 vel
1088 2612 1200 2661 res
1229 2603 1447 2660 certae
1477 2603 1551 2658 et
1583 2583 2091 2673 determinatae
2135 2609 2293 2658 non
2336 2582 2797 2683 obligantur,
2837 2581 2962 2656 sed
3007 2583 3122 2656 vel
3167 2583 3340 2658 sim-

434 2806 437 2815 „
554 2714 846 2819 pliciter
891 2715 1090 2789 bona
1134 2712 1251 2787 vel
1289 2710 1542 2787 omnia
1581 2710 1798 2785 bona.

656 2844 860 2916 Inter
901 2838 1084 2915 duas
1123 2839 1391 2945 species
1423 2837 1842 2912 differentia
1881 2854 1985 2911 est
2015 2871 2039 2931 :-
2074 2836 2209 2937 qui
2245 2835 2548 2911 inititur
2577 2834 2876 2939 speciali
2917 2833 3338 2939 hypotheca

557 2968 774 3044 debet
809 2966 1108 3055 docere,
1146 2964 1354 3068 quod
1389 2990 1502 3040 res
1534 2982 1710 3039 esset
1751 2964 1835 3039 in
1872 2962 2212 3040 dominio
2251 2961 2609 3038 debitoris
2645 2960 2742 3038 de
2779 2980 3120 3066 tempore.
3151 2961 3341 3037 obli-

555 3095 869 3197 gationis
886 3151 907 3183 ,
942 3093 1126 3197 quia
1158 3111 1405 3168 autem
1437 3090 1794 3194 generalis
1822 3090 1922 3165 ad
1949 3090 2201 3166 omnia
2242 3087 2559 3164 refertur
2586 3089 2731 3165 hoc
2765 3088 2992 3164 etiam
3016 3089 3343 3193 proban-

555 3221 741 3297 dum
777 3246 932 3294 non
963 3237 1101 3314 est3
1144 3219 1394 3294 minus
1430 3217 1760 3324 specialis
1787 3216 2009 3292 afficit
2042 3242 2273 3319 quam
2309 3215 2698 3318 generalis:
2739 3216 2823 3289 in
2849 3215 3147 3320 speciali
3183 3245 3339 3292 non

557 3347 871 3421 veniunt
909 3346 1110 3421 bona
1150 3344 1443 3432 futura«,
1495 3344 1577 3420 in
1614 3342 1941 3446 generali
1985 3358 2233 3417 autem
2265 3341 2468 3417 bona
2504 3341 2817 3415 veniunt
2855 3339 3141 3428 omnia,
3187 3342 3340 3416 tam

561 3471 943 3576 praesentia
981 3497 1213 3574 quam
1255 3469 1529 3545 futura.

655 3595 991 3671 Secunda
1029 3595 1465 3700 principalis
1500 3595 1771 3701 species
1807 3593 2248 3699 hypothecae
2281 3613 2422 3683 est,
2464 3619 2633 3697 quae
2669 3593 2912 3693 alege
2953 3592 3342 3669 inducitur

557 3748 776 3825 super
821 3721 1018 3796 bona
1066 3719 1459 3810 debitoris,
1508 3739 1581 3796 et
1619 3719 1898 3796 dicitur
1937 3720 2191 3809 tacita,
2237 3719 2419 3823 quia
2456 3719 2733 3820 absque
2781 3718 3126 3822 expressis
3168 3743 3341 3793 con-

556 3846 1018 3922 trahentium
1058 3847 1530 3952 pactionibus
1571 3847 1974 3923 inducitur.
2056 3847 2063 3862 “
2461 3865 2468 3876 ’
2513 3915 2528 3924 ,

656 3976 1004 4077 Expressa
1044 3979 1222 4049 verb
1261 3973 1542 4049 dicitur
1578 3992 1914 4077 respectu
1952 3972 2126 4076 legis
2179 3992 2252 4048 et
2292 3973 2544 4048 statuti
2593 3972 2677 4047 in
2722 3959 2876 4074 'quo
2928 3969 3339 4059 inducitur,

555 4117 629 4172 et
653 4098 873 4174 sicuti
903 4125 1228 4204 expressa
1267 4097 1687 4204 hypotheca
1716 4098 1943 4174 habet
1972 4098 2223 4175 locum
2257 4126 2397 4201 pro
2427 4098 2644 4173 bonis
2680 4097 2832 4173 tam
2861 4094 3341 4200 praesentibus

559 4225 787 4326 quam
818 4226 1090 4301 futuris
1122 4224 1224 4301 ita
1269 4243 1344 4300 et
1378 4226 1621 4302 tacita.

652 4352 902 4427 Tertia
937 4352 1208 4457 species
1246 4370 1351 4427 est
1387 4350 1812 4456 hypotheca
1848 4352 1963 4426 vel
2007 4352 2276 4456 pignus
2313 4350 2772 4455 praetorium,
2820 4346 3030 4450 quod
3075 4346 3343 4423 consti-

563 4476 801 4552 tuitur
839 4506 926 4554 ex
974 4479 1444 4556 contumacia
1492 4479 1847 4556 debitoris
1899 4477 2108 4555 nulla
2147 4477 2604 4582 praecedente
2645 4475 3021 4552 sententia.
3069 4473 3342 4548 Differt
