4782 6002
927 51 988 124 8

935 248 1136 318 nobis
1171 250 1305 318 erit
1324 258 1451 338 ,ut
1486 269 1602 333 ea,
1635 267 1810 335 quae
1848 262 2259 334 quamquam
2291 239 2518 313 minus
2553 241 2859 332 graviter
2875 287 2898 327 ‚
2944 237 3229 312 honeste
3263 247 3488 310 tamen
3523 240 3747 311 cuivis
3774 199 4020 345 facere.
4043 244 4265 318 'licam

935 382 1064 464 rit,
1116 379 1608 468 distinguamus
1643 374 1733 443 ab
1772 374 1894 461 iis,
1943 395 2122 463 quae
2157 395 2288 446 nou
2323 380 2554 441 nostro
2587 380 2843 441 tantum
2861 420 2884 457 ,
2930 370 3057 441 sed
3111 371 3332 442 onmis
3373 372 3525 441 aevi
3558 372 3891 442 bonorum
3924 394 4256 448 consensu

824 513 828 516 ’
938 510 1252 577 damnata
1300 505 1453 573 sint.
1554 504 1778 594 quue
1833 504 1924 572 de
1971 503 2059 570 iis
2080 520 2377 591 'quoque
2438 502 2660 587 valet,
2709 522 3003 589 quorum
3050 498 3267 591 opera
3328 500 3839 575 madidatosin
3884 504 4250 576 ambiendo

936 658 1094 706 usos
1130 656 1276 704 esse
1301 633 1629 703 audimus.
1678 633 1864 718 Quid
1905 632 2086 703 enim
2119 631 2468 701 honestius
2494 629 2985 723 suffragatione
3025 626 3146 698 illa
3166 679 3186 716 ,
3221 651 3430 717 quum
3455 631 3974 731 candidatorum
4007 634 4245 721 eunici,

937 775 1012 833 ut
1045 761 1379 855 seipsum
1418 771 1647 846 narrat
1690 762 1938 831 Cicero
1967 783 2096 852 pro
2128 762 2410 830 Plancio
2443 782 2501 830 c.
2542 760 2674 847 lo,
2721 759 3147 851 appellarent
3182 760 3519 849 populum
3547 761 3904 849 tributim,
3950 764 4246 835 sununit·

934 903 1153 963 terent
1183 917 1257 962 se
1300 904 1370 962 et
1405 893 1907 984 supplicarent,
1960 892 2140 960 ultro
2175 893 2380 962 etiam
2423 863 2830 982 pollicentes
2863 865 3221 981 rogarent,
3270 892 3514 959 merita
3556 891 3829 960 illorum
3862 901 4008 960 tum
4054 894 4129 961 iu
4174 915 4248 964 se

933 1034 1078 1092 tum
1127 1025 1198 1090 in
1241 1045 1387 1090 rem
1436 1022 1794 1114 publicam
1840 1021 2089 1090 collata
2140 1043 2296 1091 cum
2333 1020 2618 1114 publica
2649 1022 3121 1091 testificatione
3157 1024 3763 1093 commemorarent
3779 1019 3817 1091 8
3872 1024 4071 1109 Quid
4112 1027 4250 1095 sol·-

933 1157 1221 1224 lemnius
1255 1163 1665 1223 sectatorum
1690 1149 2116 1242 frequentia,
2167 1175 2462 1242 quorum
2492 1155 2618 1222 etsi
2649 1173 2963 1224 numerus
2994 1151 3342 1221 interdum
3380 1155 3691 1239 quamvis
3725 1156 4254 1245 repugnantibus

933 1285 1333 1353 hominibus
1383 1283 1691 1356 coerceri
1752 1292 2047 1353 tentatus
2083 1284 2213 1369 sit,
2268 1303 2378 1350 res
2421 1291 2643 1349 tamen
2684 1283 2873 1372 ipsa,
2923 1280 3131 1347 modo
3159 1300 3422 1349 merces
3462 1280 3728 1350 abesset
3752 1331 3774 1367 ,
3822 1303 4088 1373 semper
4139 1284 4248 1352 in-

747 1395 756 1408 ’
818 1401 847 1411 ”
933 1436 1179 1484 nocens
1232 1412 1654 1496 habebatur3
1705 1412 1794 1484 cf.
1826 1412 1970 1483 Cic.
1998 1434 2129 1503 pro
2176 1407 2476 1520 Murena
2518 1430 2578 1478 c.
2616 1407 2733 1476 34.
2766 1409 2962 1477 Alios
3010 1408 3414 1484 defenderat
3447 1408 3892 1496 candidatus,
3942 1435 4070 1504 pro
4105 1414 4255 1484 aliis

931 1545 1435 1636 spoponderat,
1484 1545 1553 1613 in
1581 1544 1768 1612 bello
1808 1544 1980 1612 alios
2006 1549 2432 1626 servaverat,
2481 1539 2747 1609 saucios
2775 1547 3240 1625 recreaverat,
3272 1539 3580 1629 captivos
3605 1540 4053 1632 liberaverat,
4086 1545 4255 1613 alios

933 1677 1007 1744 in
1053 1697 1299 1766 operas
1330 1675 1645 1758 miserat,
1693 1673 1848 1743 aliis
1890 1674 2092 1743 aliter
2122 1672 2428 1764 benigne
2461 1673 2757 1756 fecerat3
2806 1669 2938 1743 h'os
2975 1695 3209 1744 omnes
3242 1674 3430 1757 illius
3463 1674 3784 1764 petitioni
3834 1675 4064 1744 favere
4119 1698 4249 1751 non

931 1805 1200 1893 turpius
1239 1802 1410 1892 ipsis
1442 1801 1823 1870 habebatur
1842 1851 1863 1888 ,
1911 1824 2115 1891 quam
2144 1801 2247 1870 illi
2280 1822 2400 1871 eos
2438 1802 2573 1870 sibi
2605 1803 2959 1882 beneficiis
2995 1803 3399 1873 devinxisse.
3470 1803 3654 1874 Hinc
3694 1804 3939 1876 Cicero
3972 1809 4042 1875 in
4088 1816 4250 1902 orat·

935 1955 1065 2025 pro
1092 1932 1375 2000 Plancio
1427 1952 1491 2001 c.
1537 1929 1672 1999 163
1721 1980 1768 2006 „
1789 1925 2156 2017 dubitatis,
2206 1933 2466 2022 inquit,
2517 1934 2683 2021 quin
2731 1954 2847 2002 eas
2901 1933 3158 2021 tribus,
3208 1936 3282 2002 in
3327 1934 3578 2023 quibus
3618 1958 3899 2028 magnas
3955 1938 4256 2009 necessi-

783 2110 787 2113 ·
935 2065 1215 2132 tudines
1256 2063 1471 2131 habet
1503 2042 1858 2151 Plancius,
1896 2063 2236 2155 judicarit
2275 2063 2552 2157 officiis
2595 2065 2684 2133 ab
2723 2065 2859 2134 hoc
2888 2064 3316 2162 observatas,
3364 2087 3496 2134 non
3538 2064 3919 2156 largitione
3953 2087 4258 2175 corrup—

936 2189 1141 2262 tas?
1191 2213 1354 2261 mox
1383 2212 1444 2260 c.
1467 2190 1600 2262 183
1649 2194 1885 2282 „quid
1927 2192 2251 2265 diceres?
2298 2205 2831 2288 sequestremne
2846 2196 3203 2265 Plancium
3222 2193 3261 2262 2
3323 2205 3717 2285 respuerent
3766 2217 3965 2264 aures
3984 2247 4006 2284 ,
4054 2221 4257 2271 nemo

938 2297 1374 2416 agnosceret3
1422 2346 1505 2392 an
1533 2324 1945 2416 gratiosum
1964 2324 2003 2393 ἓ
2049 2327 2154 2400 illi
2187 2326 2508 2397 lubenter
2544 2327 2889 2414 audirent,
2944 2348 3073 2398 nos⁴
3104 2351 3233 2397 non
3264 2326 3510 2395 timide
3536 2326 4031 2397 confiteremur.
4091 2328 4253 2398 Noli

942 2453 1119 2521 enim
1150 2462 1428 2543 putare,
1465 2453 1887 2542 Laterensis,
1922 2456 2203 2547 legibus
2237 2459 2384 2537 istis
2410 2509 2431 2546 ,
2465 2482 2633 2548 quas
2663 2459 2947 2528 Senatus
2977 2459 3068 2529 de
3104 2460 3361 2529 ambitu
3400 2458 3648 2528 sanciri
3692 2458 3942 2545 voluit,
3992 2458 4070 2526 id
4102 2478 4251 2530 esse

940 2592 1201 2669 actum,
1250 2592 1329 2653 ut
1357 2583 1801 2678 suffragatio,
1849 2597 1923 2655 ut
1958 2589 2428 2678 observantia,
2472 2600 2550 2658 ut
2588 2592 2813 2682 gratia
2839 2592 3221 2660 tolleretur:
3278 2566 3553 2680 semper
3595 2588 3866 2677 fuerunt
3890 2589 4051 2658 boni
4088 2590 4215 2658 viri
4235 2640 4253 2676 ‚

939 2711 1060 2798 qui
1107 2712 1298 2798 apud
1331 2712 1623 2780 tribules
1649 2735 1810 2783 suos
1838 2716 2119 2811 gratiosi
2146 2740 2296 2790 esse
2329 2717 2659 2805 vellent’';
2711 2731 2782 2792 et
2817 2744 2875 2792 c.
2893 2721 3027 2791 193
3065 2721 3287 2814 „Ego
3321 2721 3677 2791 Plancium
3718 2729 3787 2791 et
3810 2721 4028 2811 ipsum
4062 2740 4249 2814 gra-

939 2839 1195 2906 nasum
1245 2858 1392 2906 esse
1447 2840 1608 2909 <1100
1663 2851 1731 2911 et
1791 2843 2114 2917 hahuisse
2163 2850 2238 2918 in
2286 2852 2623 2942 petitione
2672 2853 2925 2923 multos
2960 2852 3251 2944 cupidos
3277 2853 3379 2922 sui
3421 2830 3797 2944 gnsosm
3850 2872 4023 2939 quos
4077 2860 4152 2918 ιιι
4196 2851 4255 2948 ει

938 2967 1235 3037 sodales
1268 2990 1492 3058 vocas,
1535 2971 1913 3044 officiosam
1950 2979 2323 3050 amicitiam
2368 2984 2644 3050 nomine
2674 2982 2987 3071 inquinas
3018 2976 3437 3078 criminoso?
3485 2980 3627 3053 Eas
3647 2981 3923 3052 demum
3945 2979 4255 3050 videmus

940 3102 1450 3188 consensiones,
1502 3125 1675 3192 quae
1710 3094 2002 3178 honesto
2044 3114 2268 3204 magis
2302 3137 2509 3203 quam
2556 3137 2717 3184 vero
2776 3115 3075 3200 nomine,
3142 3120 3216 3179 ut
3269 3112 3365 3180 ait
3404 3109 3653 3181 Cicero
3703 3112 3961 3179 ibidem
4008 3131 4065 3177 c.
4121 3106 4256 3192 15,

940 3228 1373 3300 sodalitates
1400 3234 1546 3303 sive
1576 3235 1939 3308 sodalis-ia
1971 3244 2517 3333 appellarentur,
2570 3258 2642 3316 et
2670 3256 2907 3338 turpes
2934 3255 3004 3314 et
3050 3244 3329 3336 legibus
3360 3242 3737 3335 prohibitas
3779 3237 4010 3306 fuisse.
4076 3238 4257 3306 Nam

941 3381 1069 3450 per
1102 3360 1255 3427 illos
1289 3382 1540 3450 annos,
1589 3364 1672 3449 Q.
1705 3364 2040 3442 Cicerone
2075 3383 2250 3445 teste
2283 3377 2318 3466 (
2338 3375 2563 3469 v.5),
2597 3379 2915 3448 homines
2951 3375 3293 3444 ambitiosi
3337 3374 3762 3443 vehementer
3798 3368 3984 3436 omni
4020 3368 4255 3438 studio

942 3497 1148 3578 atque
1196 3485 1413 3579 opera
1473 3491 1901 3585 laborarunt,
1973 3511 2045 3568 ut
2090 3517 2368 3593 possent
2400 3532 2441 3576 a
2502 3510 2873 3578 tribulibus
2916 3508 3054 3576 suis
3095 3529 3212 3588 ea,
3257 3528 3424 3595 qnae
3456 3510 3802 3594 peterent,
3850 3502 4254 3592 impetrare3

945 3635 1111 3700 quas
1176 3618 1523 3705 quidem„
1544 3621 1798 3691 civium
1829 3628 1924 3696 ad
1962 3631 2408 3703 ambitionem
2438 3638 3089 3729 gratiosissimorum
3132 3629 3574 3707 sodalitates”
3626 3621 3724 3701 ne⁴
3760 3655 3801 3699 a
3843 3630 4251 3724 turpissimis

945 3745 1226 3833 quidem
1271 3751 1566 3821 ambitus
1609 3754 2066 3829 instrumentis
2109 3763 2516 3834 abstinuisse
2563 3766 2879 3856 adeoque
2929 3737 3331 3858 plerumque
3368 3766 3584 3857 ipsius
3621 3763 4005 3855 largitionis
4051 3757 4251 3829 caus&

791 3991 812 4018 1
944 3876 1199 3961 coisse,
1249 3900 1464 3965 quum
1518 3905 1604 3950 ex
1647 3882 1833 3953 soto
1884 3901 2202 3979 apparet,
2252 3897 2445 3983 quod
2484 3922 2541 3967 a.
2571 3898 2721 3968 697
2755 3901 3012 3970 factum
3047 3900 3297 3971 Cicero
3336 3900 3549 3970 refert
3578 3897 3790 3989 Epist.
3830 3895 3922 3962 ad
3962 3893 4091 3978 Qu·
4135 3891 4256 3961 Fr·

945 4000 1033 4069 11.
1058 4003 1125 4072 3.
1151 4004 1233 4071 6.
1283 4050 1329 4087 „
1306 4018 1404 4081 ,ut
1439 4011 1834 4087 sodalitates
1867 4016 2337 4114 decuriatique
2377 4028 2849 4118 discederent,
2898 4034 3143 4120 lexque
3174 4031 3317 4100 de
3297 4031 3384 4099 uis
3420 4030 3755 4118 fen-etur,
3805 4034 3918 4111 ut,
3961 4024 4087 4114 qui
4124 4048 4253 4099 uon

949 4129 1446 4221 discessissent,
1499 4162 1580 4210 ea
1611 4165 1836 4236 poena
1877 4149 2054 4236 quae
2094 4166 2272 4223 esset
2312 4158 2403 4226 de
2436 4159 2503 4226 vi
2531 4158 2996 4249 tenerentur”‚
3045 4172 3185 4230 tum
3221 4184 3304 4230 ex
3332 4124 3495 4253 lege
3529 4155 3846 4242 Liciuiss,
3899 4179 4075 4247 quae
4105 4154 4249 4245 jm

949 4257 1193 4330 eodem
1235 4264 1355 4332 illo
1393 4289 1597 4355 auno,
1646 4294 1786 4359 quo
1841 4279 2133 4351 Verrem
2179 4285 2427 4358 Cicero
2481 4292 2877 4378 accusavit,
2927 4291 2992 4359 u.
3029 4313 3089 4360 c.
3118 4288 3304 4378 683,
3354 4290 3445 4358 de
3483 4287 3823 4357 sodalitiis
3871 4288 4013 4354 lata
4065 4291 4246 4366 erat,
4302 4333 4308 4344 .

953 4388 1304 4477 nimirum,
1355 4401 1427 4460 ut
1461 4398 1691 4467 verbis
1747 4411 1893 4473 utar
1946 4411 2352 4488 scholiastae
2383 4420 2701 4490 Vaticani
2750 4422 2820 4491 in
2869 4421 3346 4495 Plancianum,
3397 4440 3602 4507 quem
3652 4426 3812 4487 ante
3848 4416 3985 4482 hoc
4029 4411 4249 4480 trien—
4298 4417 4313 4424 “

949 4510 1132 4581 nium
1165 4519 1243 4585 Α.
1278 4520 1512 4613 Majus
1552 4526 1815 4598 Romae
1855 4538 2114 4623 primus
2141 4543 2475 4633 edidit„
2478 4558 2590 4624 ,ut
2622 4551 3053 4622 severissime
3080 4556 3526 4639 quaereretur
3570 4549 3641 4617 in
3671 4569 3791 4618 eos
3822 4542 4257 4620 candidatos
