4782 6002
2809 243 2906 316 58

1454 395 1694 478 cessit,
1731 393 2022 469 dederit
2063 391 2602 497 hypothecam,
2644 410 2775 467 aut
2825 420 2965 497 pro
3007 391 3489 469 filiofamilias
3547 396 3670 469 cui
3736 400 3994 472 contr&
4046 426 4272 475 sena-

1462 522 2005 597 tusconsultum.
2035 519 2406 595 creditum
2452 537 2588 606 est,
2626 547 2725 593 an
2765 518 2881 593 his
2915 520 3408 609 succurritur,
3453 523 3864 623 quaeritur?

1558 651 1652 721 Et
1696 652 1775 720 in
1833 673 1918 722 eo
1960 645 2270 749 quidem
2316 646 2451 747 qui
2510 671 2650 749 pro
2701 643 3000 719 mulieri
3055 646 3412 748 obligavit
3453 672 3614 722 rem
3657 674 3901 739 suam,
3956 649 4264 726 facilius

1454 775 1748 847 dicetur
1799 774 2129 847 succurri
2178 773 2284 866 ei3
2334 772 2551 846 sicuti
2599 769 3004 873 fidejussori
3047 770 3272 875 hujus
3325 773 3662 849 mulieris
3719 774 3978 851 eadem
4020 776 4259 852 datur

1451 900 1796 1003 exceptio.
1859 897 2001 972 Sed
2054 916 2127 972 et
2174 898 2258 972 in
2304 924 2393 972 eo
2437 896 2571 998 qui
2623 924 2762 1000 pro
2821 897 3298 973 filiofamilias
3370 926 3530 974 rem
3577 927 3790 976 suam
3852 903 4250 1006 obligavit,

1453 1023 1711 1099 eadem
1753 1021 2068 1097 dicenda
2108 1022 2309 1097 erint
2350 1047 2522 1124 quae
2565 1039 2977 1096 tractantur
3008 1042 3081 1097 et
3127 1024 3210 1097 in
3255 1022 3676 1127 fidejussore
3706 1024 3879 1129 ejus.

1554 1155 1721 1227 Non
1773 1153 2069 1226 tantum
2116 1149 2213 1224 ob
2272 1149 2670 1254 pecuniam
2715 1147 2840 1223 sed
2884 1149 2976 1224 ed
3019 1151 3117 1225 ob
3157 1150 3383 1225 aliam
3420 1178 3714 1228 causam
3757 1156 4027 1257 pignus
4069 1152 4247 1228 dari

1450 1297 1688 1382 potest
1706 1311 1727 1370 3
1764 1277 1993 1350 veluti
2032 1277 2090 1350 si
2125 1276 2292 1377 quis
2328 1276 2598 1380 pignus
2628 1274 2854 1349 alieni
2894 1274 3184 1350 dederit
3221 1295 3308 1351 ut
3351 1305 3488 1381 pro
3530 1303 3605 1352 se
3642 1278 3788 1354 fide
3817 1277 4139 1381 jubebat.

1552 1403 1902 1505 Denique
1944 1401 2123 1477 dare
2159 1403 2329 1504 quis
2370 1401 2875 1506 hypothecam
2913 1421 3181 1507 potest,
3232 1404 3383 1479 sive
3412 1432 3552 1508 pro
3593 1407 3720 1480 sua
3755 1405 4242 1509 obligatione,

1450 1530 1601 1604 sive
1632 1553 1771 1634 pro
1799 1529 2060 1603 aliena.
2098 1526 2299 1602 Illud
2335 1546 2536 1632 patet
2564 1528 2771 1631 quod
2800 1529 2858 1602 si
2892 1529 3100 1604 nulla
3123 1529 3477 1633 obligatio
3501 1533 3760 1622 subsit,
3784 1534 4054 1636 pignus
4082 1560 4238 1608 non

1448 1673 1805 1730 consistat
2400 1670 2405 1676 ·

1850 1900 1965 1987 45³
2031 1903 2204 2016 Qui
2261 1907 2814 2019 hypothecam
2873 1908 3374 1990 contrahere
3416 1911 3836 2020 possunt?

1545 2162 1833 2234 Nexum
1879 2185 2034 2233 non
2084 2156 2259 2232 facit
2298 2156 2756 2261 praediorum
2794 2157 2876 2230 in
2907 2157 3139 2261 pactis
3172 2157 3313 2231 nisi
3345 2184 3655 2261 persona
3692 2185 3866 2260 quae
3898 2158 4063 2261 jure
4104 2189 4233 2265 po-

1444 2287 1585 2359 tuit
1633 2281 1992 2385 obligare,
2033 2282 2113 2373 id
2146 2299 2252 2358 est
2294 2282 2417 2357 cui
2459 2309 2572 2357 res
2607 2279 2927 2386 obligata
2967 2282 3305 2388 pertinet.

1541 2411 1661 2485 Sic
1702 2409 2185 2514 intelligimus
2213 2435 2325 2483 res
2355 2436 2525 2512 quae
2556 2407 2879 2484 dominii
2915 2408 3146 2483 nostri
3182 2428 3356 2483 sunt
3386 2428 3458 2482 et
3480 2434 3564 2482 ea
3592 2433 3761 2511 quae
3780 2409 3947 2513 jure
3973 2411 4230 2515 aliquo

1442 2534 1892 2641 possidemus
1927 2533 2268 2637 quamvis
2306 2562 2461 2608 non
2496 2534 2645 2607 sint
2675 2531 2999 2608 dominii
3028 2532 3280 2610 nostri.
3308 2532 3685 2610 Pertinere
3709 2535 3934 2610 etiam
3961 2535 4061 2612 ad
4094 2565 4232 2612 nos

1437 2691 1519 2736 ea
1542 2662 1892 2750 dicimus,
1929 2688 2099 2764 quae
2136 2660 2220 2734 in
2254 2655 2461 2735 nulla
2491 2687 2749 2735 eorum
2777 2661 2989 2734 causa
3025 2678 3198 2734 sunt
3226 2659 3351 2734 sed
3387 2685 3532 2734 esse
3560 2681 3879 2765 possunt.
3912 2659 4029 2757 (L.
4070 2671 4229 2754 181,

1439 2791 1531 2862 D.
1569 2788 1662 2861 de
1695 2787 1891 2861 verb.
1937 2784 2209 2889 signif.)

1544 2915 1645 2987 Hi
1684 2913 1995 3016 quidem
2023 2909 2120 2987 ad
2149 2938 2332 3015 quos
2370 2938 2482 2986 res
2523 2911 2878 3017 pertinet,
2915 2939 3077 2986 eam
3110 2912 3436 3015 obligare
3470 2932 3813 3018 possunt3
3851 2913 3975 2989 sed
4010 2915 4110 2989 ita
4154 2935 4230 2991 et

1435 3044 1799 3145 quatenus
1839 3039 1933 3114 de
1966 3039 2184 3113 rebus
2226 3038 2373 3113 suis
2430 3022 2874 3141 disponendi
2918 3039 3347 3113 facultatem
3391 3038 3692 3114 habent.
3737 3042 3939 3116 Hinc
3978 3043 4229 3146 pupil-

1435 3170 1549 3243 lus
1580 3169 1739 3242 sine
1765 3166 2029 3241 tutoris
2059 3164 2496 3239 auctoritate
2523 3163 3027 3268 hypothecam
3062 3163 3242 3239 dare
3282 3192 3436 3239 non
3484 3183 3739 3270 potest.

1535 3291 1745 3390 Quid
1795 3292 1852 3365 si
1895 3320 2033 3395 pro
2073 3286 2325 3364 futura
2375 3288 2826 3391 obligatione
2865 3288 3134 3394 pignus
3173 3287 3437 3363 datum
3473 3289 3732 3378 fuerit,
3771 3314 3855 3365 eo
3897 3306 4227 3395 tempore

1433 3418 1896 3515 inspicietur,
1940 3444 2091 3519 quo
2129 3434 2507 3491 contracta
2545 3415 2774 3490 fuerit
2807 3415 3192 3517 obligatio,
3231 3417 3468 3517 quum
3510 3443 3667 3490 non
3710 3416 3916 3520 prius
3951 3418 4227 3493 intelli-

1431 3562 1647 3647 gatur
1690 3563 2157 3618 contractum
2186 3544 2477 3647 pignus.

1536 3672 1727 3744 Cum
1759 3671 1926 3771 quis
1963 3668 2042 3744 id
2077 3666 2281 3772 quod
2327 3668 2672 3744 futurum
2714 3682 2818 3740 est
2857 3665 3153 3769 pignori
3190 3666 3350 3754 dat,
3385 3685 3729 3771 opportet
3764 3694 3853 3742 eo
3897 3684 4228 3774 tempore

1436 3824 1588 3898 quo
1635 3786 2117 3871 contractum
2158 3815 2264 3870 est
2315 3794 2412 3869 ad
2456 3794 2700 3897 ipsum
2739 3791 3178 3895 pertinuisse
3211 3819 3373 3867 rem
3397 3820 3484 3868 ex
3522 3795 3672 3894 qufi
3708 3793 3786 3868 id
3832 3796 4030 3870 nasci
4063 3822 4225 3898 spe-

1435 3923 1758 3998 rabatur.
1801 3924 1977 3998 Haec
2010 3922 2259 4026 regula
2302 3941 2555 3995 tamen
2594 3914 3099 4022 exceptionem
3135 3920 3452 4022 patitur,
3477 3921 3534 3993 si
3567 3946 3733 3994 eam
3763 3918 3890 3996 det
3916 3922 4215 4026 pignori

1436 4052 1518 4122 in
1562 4077 1736 4124 eum
1764 4077 2017 4124 casum
2062 4074 2212 4150 quo
2258 4045 2485 4150 ipsius
2519 4042 2772 4118 futura
2804 4042 2897 4117 sit
2922 4040 3035 4137 (L
3073 4046 3191 4132 16,
3217 4071 3287 4148 p.
3314 4070 3378 4143 7,
3408 4044 3503 4119 ad
3529 4044 3826 4120 formul.
3860 4046 4225 4152 hypoth.).

1434 4174 1575 4250 Sed
1611 4194 1681 4251 et
1719 4203 1894 4249 cum
1923 4173 2085 4278 jure
2112 4167 2619 4258 contrahitur,
2659 4169 2760 4243 ita
2802 4168 3109 4243 demum
3155 4195 3437 4244 necesse
3467 4188 3605 4259 est,
3635 4196 3795 4245 rem
3833 4172 3994 4276 ipso
4041 4190 4226 4248 tem..

1432 4329 1612 4405 pore
1652 4330 1803 4405 quo
1835 4302 2102 4407 pignus
2130 4296 2632 4384 contrahitur,
2667 4296 3037 4401 pertinere
3080 4296 3175 4371 ad
3211 4322 3381 4370 eum
3422 4298 3555 4398 qni
3604 4296 3898 4400 pignori
3951 4297 4112 4389 dat,
4160 4303 4224 4374 si
