4782 6002
777 564 907 638 18

973 756 1071 832 A.
1170 753 1301 831 Ex
1351 755 1483 830 illa
1531 755 1825 854 regula:
1877 752 2308 849 „Neminem
2356 756 2691 829 testatum
2740 758 2818 832 et
2866 757 3273 834 intestatum
3325 758 3781 861 decedere“,
3834 790 3976 866 qna
4025 793 4187 847 om-

770 899 886 973 nis
930 894 1152 972 heres
1200 918 1481 995 semper
1525 895 1600 968 in
1649 892 1955 968 solidam
2003 891 2470 969 hereditatem
2536 900 2852 970 vocatus
2901 903 3058 991 est,
3136 902 3275 974 etsi
3338 903 3413 976 in
3477 911 3753 1003 partem
3833 905 4188 988 bonorum

771 1036 900 1158 vel
947 1037 1022 1111 in
1070 1059 1153 1110 re
1203 1041 1401 1110 certa
1450 1034 1807 1108 institutus
1856 1032 2026 1128 fuit,
2078 1032 2367 1109 scilicet
2396 1035 2465 1107 si
2514 1034 2640 1109 alii
2690 1034 3002 1113 heredes
3051 1037 3492 1117 defecerant.

968 1199 1071 1276 B.
1169 1199 1299 1296 Ex
1346 1198 1725 1274 voluntate
1772 1202 2180 1294 testatoris,
2222 1223 2361 1298 qua
2411 1201 2463 1271 ii
2513 1198 2870 1297 heredes,
2905 1205 3026 1300 qui
3072 1207 3478 1280 nominatim
3528 1208 3603 1281 in
3633 1216 3910 1309 partem
3959 1237 4186 1312 quan-
4273 1197 4289 1206 ’

772 1339 935 1416 dam
983 1336 1291 1414 solidam
1338 1341 1640 1413 instituti
1690 1346 1896 1433 sunt,
1948 1341 2019 1413 in
2068 1337 2215 1414 hac
2257 1346 2464 1439 parte
2512 1340 2676 1415 aliis
2730 1340 3118 1419 heredibus
3168 1353 3739 1426 antecesserunt.

976 1495 1193 1594 Quod
1243 1504 1609 1603 posterius
1654 1511 2142 1601 argumentum
2204 1510 2280 1579 et
2346 1507 2418 1578 in
2491 1503 2759 1602 legatis
2832 1504 3249 1601 obtinebat3
3328 1508 3465 1586 sed
3536 1511 3807 1588 ibidem
3869 1522 4188 1596 occurrit

774 1638 1188 1737 distinctio,
1241 1641 1521 1741 qualem
1572 1645 1643 1716 in
1691 1641 2081 1722 heredibus
2132 1642 2405 1721 habere
2451 1668 2604 1720 non
2651 1639 3018 1722 solemus=
3084 1655 3331 1750 potest
3395 1654 3582 1727 enim
3647 1659 3802 1731 tota
3848 1679 3972 1734 res
4019 1666 4185 1737 tan-

775 1806 981 1882 quam
1029 1781 1270 1858 soiida
1316 1783 1640 1883 pluribus
1689 1784 2034 1882 relinqui,
2087 1808 2343 1887 nempe
2387 1789 2461 1861 in
2505 1783 2770 1885 legatis
2818 1809 2953 1888 per
2995 1787 3553 1867 vindicationem
3603 1793 3831 1892 datis,
3886 1822 4046 1875 cum
4111 1803 4185 1878 in

772 1923 1037 2046 legatis
1085 1947 1219 2025 per
1288 1921 1809 2014 damnationem
1872 1925 2005 2001 vel
2068 1923 2221 2001 alio
2282 1925 2503 2006 modo
2565 1924 2850 2004 relictis
2914 1926 3044 2006 vel
3109 1952 3233 2010 res
3288 1933 3450 2034 ipsa
3508 1933 3641 2012 vel
3697 1960 3872 2037 pars
3936 1944 4047 2018 rei
4107 1945 4203 2019 in·

736 2061 1171 2141 'hereditate
1218 2072 1641 2146 remaneret.

973 2228 1399 2326 Quamquam
1453 2237 1681 2303 antem
1724 2232 1854 2327 jus
1902 2229 2375 2308 accrescendi
2423 2234 2498 2306 in
2565 2231 2944 2330 legatariis
3002 2256 3291 2334 semper
3357 2258 3458 2309 ex
3520 2235 3893 2314 voluntate
3941 2247 4172 2317 testa-

771 2369 955 2446 toris
1006 2365 1424 2462 deseendit,
1478 2376 1550 2442 et
1598 2370 1673 2442 in
1719 2371 1889 2466 jure
1937 2373 2229 2468 antiquo
2281 2371 2735 2448 solummodo
2803 2372 2895 2448 ad
2947 2373 3190 2472 legata
3255 2396 3389 2474 per
3436 2374 3998 2453 vindicationem
4047 2402 4171 2456 re—

766 2507 1138 2584 ferendum
1187 2516 1342 2603 est,
1393 2506 1671 2610 duplex
1720 2516 1955 2585 tamen
2001 2508 2257 2586 modus
2304 2514 2408 2588 ita
2453 2512 2876 2589 statuendus
2925 2520 3074 2608 est,
3125 2520 3203 2589 ut

965 2678 1053 2770 a)
1104 2675 1169 2748 si
1219 2671 1639 2771 quibusdam
1690 2681 1845 2750 tota
1892 2696 2015 2751 res
2064 2673 2312 2775 legata
2360 2684 2564 2775 erat,
2618 2699 2984 2758 concursu
3033 2679 3208 2756 solo
3270 2685 3547 2781 (neque
3596 2702 3783 2757 vero
3832 2683 4179 2760 instituti-

769 2817 931 2892 onis
980 2823 1057 2893 et
1103 2817 1455 2892 sermonis
1506 2818 1823 2910 ratione)
1892 2823 2133 2917 partes
2181 2816 2471 2915 fierent,

964 2987 1045 3083 b)
1098 2985 1163 3060 si
1213 2983 1494 3085 quidam
1545 2987 1895 3062 communi
1943 3008 2141 3062 voce
2188 2984 2284 3062 ad
2331 3010 2483 3063 rem
2529 2983 3007 3079 vocabantur,
3057 2983 3133 3059 hi
3158 2989 3314 3086 jam
3349 2986 3820 3064 institutionis
3851 2987 3984 3065 vel
4015 3012 4179 3067 ser-

639 3196 643 3201 .
766 3129 997 3203 monis
1047 3130 1331 3202 ratione
1379 3150 1528 3202 rem
1578 3127 1979 3203 deficientis
2026 3126 2362 3227 legatarii
2413 3133 2788 3226 caperent&

965 3294 1073 3388 Ii,
1125 3292 1245 3390 qui
1294 3294 1540 3394 priore
1593 3289 1848 3369 ordine
1898 3289 2030 3388 (ad
2062 3298 2148 3387 a)
2199 3293 2497 3368 instituti
2545 3298 2748 3387 sunt,
2789 3312 2937 3366 non
2988 3290 3361 3390 conjuncti
3411 3296 3658 3386 erant,
3701 3290 4016 3390 ideoque
4043 3293 4177 3391 jus

688 3435 693 3440 ’
765 3432 1242 3543 accrescendi
1291 3436 1644 3532 antiquum
1692 3457 1839 3510 non
1887 3432 2288 3529 habebant,
2340 3431 2476 3509 sed
2528 3435 2829 3532 quisque
2873 3430 2967 3507 ad
3018 3434 3245 3534 ipsam
3293 3430 3604 3507 solidam
3653 3420 3814 3509 rem·
3852 3422 4169 3509 vocatus
4309 3494 4316 3501 ,

768 3584 949 3652 erat.
1052 3575 1216 3665 Quo
1250 3574 1483 3674 ‘modo
1534 3575 1794 3649 factum
1845 3583 2000 3669 est,
2078 3580 2158 3649 nt
2206 3596 2432 3650 onera
2480 3550 2885 3649 deficientis
2936 3570 3270 3671 legatarii
3339 3573 3548 3650 alteri
3601 3595 3746 3648 non
3797 3550 4172 3648 incumbe-

767 3724 962 3810 rent,
1016 3717 1136 3814 qui
1188 3722 1403 3789 totam
1455 3737 1601 3790 rem
1653 3724 1994 3816 caperet,
2064 3716 2227 3812 quia
2287 3716 2736 3791 institutione
2806 3716 2879 3790 in
2947 3722 3216 3815 partem
3276 3719 3592 3790 vacante
3651 3716 3781 3814 jus
3843 3719 3920 3788 et
3983 3735 4177 3789 onus

766 3863 1135 3932 vacarent.
2861 3834 2870 3841 ’

969 3995 1132 4074 Sed
1185 4019 1345 4073 cum
1394 4017 1492 4070 ex
1542 3997 1916 4096 principiis
1972 3997 2167 4094 juris
2214 3992 2558 4091 Juliam‘,
2629 3993 2927 4098 diversa
3004 3993 3270 4071 tradita
3332 3995 3522 4092 sint,
3595 3994 3884 4089 evenit,
3956 3998 4036 4069 nt
4097 3991 4174 4068 hi

761 4139 1092 4237 legatarii
1165 4140 1434 4241 prioris
1515 4136 1793 4213 ordinis
1873 4160 1962 4213 re
2045 4141 2416 4238 conjuncti
2495 4136 3032 4239 appellarentur
3057 4190 3080 4230 ,
3148 4135 3343 4235 quod
3424 4139 3716 4235 antiquo
3797 4138 3952 4234 juri
4024 4156 4170 4210 non

767 4284 1132 4355 convenit.

969 4420 1230 4517 Neque
1283 4419 1596 4518 denique
1644 4414 2003 4511 heredes,
2072 4438 2306 4514 neque
2365 4415 2742 4514 legatarii,
2826 4418 2891 4490 si
2951 4420 3124 4516 jure
3185 4413 3667 4493 accrescendi
3716 4410 4164 4513 gandebant,

770 4557 975 4656 quasi
1024 4556 1399 4633 substituti
1426 4558 1812 4653 habentur,
1864 4581 2005 4634 nec
2053 4532 2152 4634 ex
2201 4578 2295 4635 eo
2345 4553 2530 4630 illud
2563 4553 2871 4655 pendet,
2921 4562 3001 4630 nt
3050 4578 3281 4633 onera
3331 4555 3604 4654 ferant,
3659 4582 3817 4631 nam
3867 4563 3941 4630 et
3987 4551 4168 4629 sub-

768 4697 994 4772 stituti
1044 4702 1216 4769 tunc
1282 4695 1513 4773 solum
1586 4702 1873 4796 antiquo
1937 4707 2261 4802 tempore
2324 4697 2571 4796 legata
2638 4697 3190 4796 praestiterunt,
3261 4699 3327 4770 si
3376 4718 3468 4771 ea
3514 4699 3696 4798 ipsis
3759 4692 4165 4770 nominatim

771 4836 1092 4933 injuncta
1141 4841 1346 4911 eraut
1393 4843 1465 4909 et
1514 4840 2065 4937 praestationem
2109 4838 2522 4939 legatorum
2574 4835 2664 4914 ab
2717 4839 2895 4940 ipsis
2944 4837 3253 4937 singulis
3300 4837 3457 4915 fieri
3497 4841 3783 4936 jussum
3831 4841 4009 4913 erat.
