4782 6002
2181 1554 2949 1733 Appenuixff)
3094 1474 3104 1489 ’

2353 1987 2766 1999 --————

1116 2321 1344 2417 Incipit
1412 2320 1858 2392 inventarium
1930 2317 2246 2391 librorum
2318 2317 2783 2390 derelictorum
2852 2320 3265 2395 universitati
3334 2339 3458 2415 per
3525 2316 3859 2391 dominum
3916 2314 4219 2393 Colinum

1322 2457 1648 2555 quondam
1705 2455 2062 2530 Cantorem
2115 2459 2321 2527 sancti
2375 2456 2559 2528 Pauli
2613 2456 3193 2528 wormaciensem

907 2602 1121 2697 primo
1177 2599 1513 2671 decretum
1565 2600 1707 2668 sine
1759 2596 1987 2691 glossa
2040 2604 2108 2666 et
2159 2598 2376 2692 incipit
2430 2599 2495 2667 in
2550 2598 2760 2691 prima
2814 2606 3002 2692 parte
3054 2599 3270 2690 agitur
3325 2594 3410 2666 de
3476 2597 3737 2688 justicia
3811 2599 3963 2667 item
4018 2580 4216 2669 com-

1319 2735 1629 2832 pendium
1700 2732 1949 2807 decreti
2020 2732 2196 2827 quod
2275 2728 2498 2831 incipit
2583 2732 2939 2808 humanum
2999 2757 3215 2831 genus
3276 2772 3360 2783 —
3421 2735 3577 2806 item
3647 2733 3983 2808 decretum
4067 2757 4215 2817 cum

1319 2875 1547 2971 glossa
1602 2883 1668 2944 et
1719 2875 1940 2970 incipit
1991 2874 2090 2946 sic
2151 2912 2237 2923 -—
2297 2870 2653 2946 concordia
2709 2896 3031 2946 canonum
3088 2870 3597 2946 discordantium

908 3018 1063 3087 item
1117 3013 1350 3087 librum
1402 3012 1850 3085 Decretalium
1905 3034 2054 3083 cum
2108 3010 2336 3104 glossa
2393 3009 2746 3083 bernhardi

904 3153 1064 3224 item
1117 3152 1537 3225 Innocentius
1589 3172 1790 3246 super
1844 3148 2211 3221 decretales

904 3294 1057 3362 item
1111 3311 1364 3364 summa
1418 3289 1767 3361 hostiensis
1824 3289 2095 3382 copiosa
2150 3308 2350 3381 super
2404 3290 2691 3381 quinque
2742 3285 2947 3360 libros
3003 3285 3425 3360 decretalium

903 3433 1061 3501 item
1115 3429 1361 3500 lectura
1417 3426 1765 3499 hostiensis
1818 3444 2018 3520 super
2069 3427 2263 3496 tertio
2318 3433 2555 3518 quarto
2611 3435 2678 3496 et
2730 3429 2954 3518 quinto
3010 3424 3435 3498 decretalium
3490 3426 3554 3495 in
3608 3443 4013 3518 pergameno

901 3572 1059 3641 item
1109 3565 1440 3664 novellam
1496 3587 1698 3660 super
1750 3561 2044 3636 secundo
2099 3563 2264 3637 libro
2318 3567 2384 3636 in
2437 3564 2668 3659 papiro

900 3712 1056 3780 item
1109 3704 1440 3779 novellam
1493 3723 1697 3798 super
1750 3707 1945 3774 tertio
2000 3706 2074 3784 in,
2118 3704 2346 3797 papiro

899 3847 1054 3917 item
1108 3831 1358 3916 summa
1412 3840 1719 3935 ganfredi
1774 3844 1838 3911 in
1892 3861 2298 3937 pergameno

893 3987 1053 4088 item
1107 4001 1302 4054 casus
1358 3978 1800 4051 Decretalium
1853 3981 1918 4049 in
1971 3998 2381 4072 pergameno

895 4126 1054 4195 item
1107 4129 1627 4214 extravagantes
1679 4117 1955 4190 Joannis
2009 4114 2218 4187 XXII.
2272 4119 2338 4186 in
2393 4133 2800 4209 pergameno
2854 4132 2999 4181 cum
3056 4109 3200 4181 aliis

893 4265 1050 4334 item
1105 4260 1599 4332 constitutiones
1655 4254 2020 4341 Bonifacii‚
2076 4276 2245 4349 quae
2299 4250 2567 4323 redacte
2618 4258 2771 4324 sunt
2822 4252 2888 4320 in
2940 4269 3068 4320 sex
3118 4250 3185 4319 in
3237 4266 3649 4343 pergameno

890 4402 1046 4470 item
1103 4419 1231 4471 una
1285 4397 1533 4468 lectura
1588 4399 1653 4466 in
1705 4395 1935 4490 papiro
1990 4413 2159 4486 quae
2212 4392 2438 4486 incipit
2491 4387 2859 4482 Gregorius

891 4538 1044 4607 item
1102 4557 1297 4607 unum
1353 4534 1699 4605 collectum
1752 4535 1819 4605 in
1872 4534 2103 4626 papiro
2158 4532 2332 4600 circa
2388 4524 2760 4599 decretales

1097 4856 1166 4936 ¹)
1197 4860 1315 4918 vid
1360 4875 1543 4933 supra
1587 4876 1726 4935 pag.
1758 4860 1813 4915 8.
