4782 6002
498 812 827 882 arcere
864 825 1037 878 esse
1068 807 1466 897 plectenda,
1529 822 1747 894 poena
1785 825 1954 876 vero
2006 829 2289 880 vacuum
2340 828 2508 879 ease
2547 810 2842 878 duellum
2877 811 2943 877 si
2983 810 3291 881 damnum
3339 813 3560 878 famae
3599 812 3898 881 laesione

497 941 771 1010 filatum
828 940 1187 1025 divulgata
1233 937 1478 1022 injuria
1529 941 1937 1025 augeretur,
2000 945 2235 1026 utpote
2271 958 2468 1026 quum
2507 941 2782 1006 maritus
2836 939 3127 1006 duellum
3169 957 3318 1007 cum
3359 942 3588 1009 uxoris
3629 942 3734 1008 sui
3773 941 3902 1006 ad-

503 1071 723 1137 altaro
777 1070 1038 1156 inierit,
1088 1068 1205 1135 vel
1249 1067 1314 1133 si
1369 1067 1522 1153 quis
1561 1065 1649 1133 ad
1689 1065 2158 1134 vindicandam
2197 1069 2582 1155 graviorem
2620 1068 3044 1136 violationem
3087 1068 3359 1156 pudoris
3402 1071 3514 1137 vel
3556 1070 3897 1136 castitatis

503 1181 777 1281 muto,
836 1198 1052 1279 filiae,
1114 1196 1341 1263 uxoris
1395 1213 1579 1264 arma
1629 1199 2007 1264 sumserit.-
2046 1195 2239 1280 Quod
2278 1198 2428 1264 fere
2465 1198 2764 1264 omnibus
2806 1198 3290 1265 vetustioribus
3319 1197 3898 1284 jurisprudentiae
4013 1239 4018 1248 ·

506 1324 949 1412 scriptoribus
982 1325 1261 1410 placuit,
1315 1329 1750 1411 provocatum
1786 1326 2016 1411 utique
2054 1324 2276 1392 levius
2314 1325 2716 1412 puniendum
2771 1341 2973 1409 esse,
3039 1331 3450 1412 provocante
3470 1368 3491 1411 ,
3557 1327 3900 1394 nonnullis

504 1449 881 1538 esuque
900 1453 1497 1540 jurispcrltlssimis
1538 1453 1738 1538 hujus
1778 1456 2097 1540 temporis
2130 1453 2483 1541 approbari
2524 1453 2774 1520 scimus
2798 1495 2821 1534 ,
2881 1453 3184 1541 quamvis
3223 1455 3408 1521 multi
3448 1472 3653 1522 casus
3696 1457 3901 1543 cogi-

508 1579 643 1646 tari
676 1579 977 1666 possint,
1047 1581 1290 1667 quibus
1344 1598 1476 1647 non
1521 1580 1732 1647 solum
1792 1579 1970 1669 apud
2017 1587 2447 1668 provocatum
2500 1587 2753 1650 tantum
2814 1584 2906 1651 sit
2970 1583 3286 1669 injuriae,
3356 1589 3666 1670 quantum
3717 1583 3898 1669 apud

507 1693 1013 1791 provocantem,
1055 1706 1183 1774 sed
1225 1706 1336 1775 hic
1372 1707 1571 1775 ctiam
1609 1707 1845 1774 levioei
1878 1725 2101 1794 poena
2118 1707 2371 1794 dignus
2412 1712 2603 1779 nobis
2643 1710 2972 1779 videatur.
3051 1713 3297 1777 Nonne
3335 1712 3455 1778 tali
3497 1712 3894 1778 contumelia

509 1833 823 1920 metus,
858 1835 1161 1921 qualem,
1201 1836 1337 1903 nisi
1375 1837 1707 1925 graviora
1749 1835 1990 1904 danna
2029 1839 2211 1906 ferre
2250 1839 2470 1925 malit,
2535 1839 2603 1905 iu
2642 1855 2724 1905 se
2762 1839 3072 1926 accipere
3111 1839 3381 1925 nequit,
3449 1856 3666 1904 nonne
3709 1838 3900 1904 homo

507 1961 957 2048 manus
998 1969 1207 2051 atque
1242 1965 1645 2034 camon-diac
1682 1968 2219 2050 mantissimas,
2260 1968 2372 2054 qui
2411 1967 2714 2053 repetitis
2753 1968 3012 2052 injuriis
3056 1968 3353 2052 acceptis
3393 1965 3478 2033 ad
3518 1983 3897 2053 provocan-

509 2088 663 2159 dum
698 2091 1157 2161 adversa-iun
1198 2094 1321 2162 vix
1362 2097 1745 2181 permoveri
1784 2097 2034 2183 potuit,
2087 2097 2313 2164 multis
2355 2083 2718 2162 rationibus
2759 2092 3186 2162 excusandus
3227 2085 3549 2162 videtur2
3630 2095 3904 2159 Recon-

509 2221 907 2290 simonen
962 2224 1231 2309 m
1286 2224 1419 2291 sibi
1487 2224 1772 2293 oblatam
1832 2233 2259 2296 recusantem
2311 2232 2518 2313 atque
2572 2223 3094 2292 satisfactionem
3141 2225 3255 2291 via
3312 2223 3614 2326 legitima
3657 2221 3901 2290 factam

508 2351 963 2440 rcpfflntem
1002 2357 1317 2440 majorem
1355 2355 1719 2423 subiturum
1759 2374 2073 2444 poenam,
2146 2375 2339 2445 qnam
2379 2354 2468 2423 ad
2507 2354 2986 2423 restituendam
3030 2354 3319 2441 gratiam
3359 2371 3738 2439 propensus
3777 2369 3901 2438 per

514 2497 593 2548 ae
631 2487 835 2567 patet.
917 2483 1225 2571 Denique
1268 2485 1619 2571 quaerenti
1658 2486 1811 2572 tibi,
1870 2487 2209 2555 benevole
2252 2488 2504 2571 lector,
2571 2505 2724 2551 num
2760 2484 3149 2571 provocatio
3189 2483 3275 2550 ad
3317 2482 3610 2550 duellum
3647 2500 3771 2570 per
3809 2499 3895 2548 sc

518 2609 1114 2676 uunadvertenda
1152 2613 1277 2695 ait,
1347 2630 1475 2680 nec
1513 2631 1639 2697 ne,
1698 2615 1907 2696 lianc,
1968 2615 2129 2681 licet
2166 2632 2260 2683 ex
2295 2613 2665 2680 rationibus
2702 2614 3103 2698 legibusque
3143 2619 3424 2680 conatus
3465 2629 3683 2698 neque
3712 2612 3899 2695 judi-

519 2732 773 2821 canda,
836 2751 1051 2822 neque
1098 2740 1429 2825 punienda
1484 2741 1642 2808 nihi
1698 2741 2045 2828 videatur,
2107 2747 2369 2823 tamen,
2445 2741 2573 2805 nisi
2625 2743 2867 2826 sponte
2922 2745 3315 2821 revocetur,
3382 2755 3631 2804 revera
3683 2753 3901 2821 poena

516 2863 739 2951 aliqua
774 2880 939 2931 esse
977 2865 1389 2935 afficiendam
1431 2870 1932 2958 responderem.
2012 2872 2203 2938 Nam·
2224 2877 2594 2959 provocato
2632 2872 2750 2934 aut
2780 2871 3041 2953 pactam
3067 2864 3335 2933 ineundi
3353 2911 3375 2950 ,
3415 2871 3528 2934 aut
3561 2867 3904 2954 graviori·

514 2993 643 3059 bus
682 3011 769 3060 se
802 2993 1195 3078 subjiciendi
1234 2997 1660 3068 incommodis
1701 2999 1936 3070 eadem
1976 3001 2221 3090 imponi
2260 2999 2765 3079 necessitatem,
2803 2996 2952 3083 quis
2996 2997 3125 3081 est,
3165 2995 3278 3082 qui
3321 2986 3639 3085 ignoret?
3720 2994 3904 3065 Con-

511 3122 777 3189 «πίω
832 3122 1132 3194 defendit
1188 3129 1588 3196 sentenia:
1646 3129 1968 3215 Quintus,
2037 3134 2145 3198 vir
2186 3129 2615 3197 doctissimus
2654 3128 2695 3192 l.
2738 3126 2784 3195 l.
2829 3143 2990 3214 pag.
3027 3125 3163 3191 133.
3209 3126 3320 3210 qui
3361 3126 3900 3212 provocationem

508 3242 731 3337 poena
766 3269 1050 3320 vacuam
1088 3272 1252 3322 ease
1293 3254 1545 3325 debere
1585 3259 1953 3345 existimat,
2013 3276 2210 3346 quum
2263 3257 2554 3345 alioquin
2610 3258 2929 3342 perpauci
2980 3253 3195 3319 inutili
3248 3254 3664 3337 poenitentia
3720 3272 3906 3321 com-

510 3384 667 3449 moti
706 3399 752 3448 a
791 3382 1015 3450 duello
1053 3385 1356 3452 iaciendo
1396 3385 1838 3474 desisterent,
1901 3392 2103 3474 atque
2143 3391 2428 3455 eatenus
2469 3386 2769 3472 plausum
2811 3385 3108 3487 nostruin
3145 3377 3313 3465 fert,
3372 3383 3704 3464 quatenus
3744 3395 3903 3465 pro-

513 3514 836 3579 vocantes
887 3512 1147 3580 leviore
1203 3519 1456 3605 tantum
1528 3531 1747 3601 poena
1798 3513 2192 3583 afficiendos
2254 3531 2636 3593 censemus.
2720 3510 2891 3594 Quid
2959 3499 3204 3596 plura?
3285 3504 3639 3595 superflua
3699 3511 3902 3595 atque

514 3658 933 3728 supervacua
999 3644 1140 3727 jam
1206 3643 1420 3711 verba
1482 3644 1734 3711 fecisse
1795 3644 1953 3711 mihi
2021 3646 2255 3713 videor
2308 3643 2394 3710 de
2460 3641 2912 3709 duellautibus
2973 3654 3139 3723 quos
3200 3635 3466 3721 dicunt,
3544 3637 3643 3705 ita
3693 3642 3766 3704 ut
3814 3637 3904 3704 ad

516 3768 1017 3856 disceptandam
1060 3774 1513 3859 quaestionem
1558 3791 1685 3839 nos
1724 3778 2236 3862 convertamus,
2297 3792 2450 3841 num
2491 3768 2979 3854 secundantes,
3031 3772 3257 3854 utpote
3296 3766 3502 3832 duelli
3539 3768 3902 3853 participes

521 3896 945 3982 adJutoresve
989 3919 1205 3989 poena
1243 3902 1598 3969 coercendi
1638 3907 1832 3986 sunt,
1876 3922 1964 3970 an
2004 3921 2154 3970 non.
2237 3903 2315 3969 In
2353 3919 2607 3989 magna
2646 3900 2773 3966 hac
2805 3899 2892 3965 de
2932 3915 3009 3964 re
3038 3896 3503 3983 jurisconsulti
3545 3897 3904 3961 versantur

520 4029 848 4096 varietate
900 4036 971 4099 et
1034 4030 1492 4118 dissensione,
1584 4050 1857 4118 quorum
1927 4034 2042 4099 alii
2112 4029 2617 4099 secundantium
2676 4027 3126 4114 praesentiam
3187 4029 3453 4092 mutuae
3519 4022 3901 4090 securitatis

521 4154 768 4243 pignus
821 4176 983 4226 esse
1035 4162 1449 4249 existimant,
1517 4178 1734 4248 eaque
1786 4160 2201 4249 potissimum
2252 4159 2465 4245 effici,
2539 4163 2611 4225 ut
2670 4156 3046 4224 adversarii
3096 4154 3375 4242 regulas
3422 4150 3623 4219 duelli
3664 4149 3900 4215 obser-

523 4293 796 4374 varent,
849 4284 1050 4377 atque
1075 4293 1264 4359 'inter
1304 4311 1384 4360 se
1425 4259 1501 4359 in
1536 4290 1826 4381 gratiam
1882 4291 2217 4374 redirent,
2272 4293 2346 4354 ut
2388 4304 2661 4375 pugnae
2706 4286 2891 4374 prius
2930 4285 3305 4366 finirentur,
3369 4278 3904 4363 scelestibusque

504 4394 849 4505 'caedibus‘
881 4428 1372 4508 occurreretur,
1413 4423 1527 4489 alii
1567 4421 1856 4489 duellum
1880 4464 1902 4508 ,
1941 4422 2075 4488 nisi
2113 4417 2634 4488 secundantibus
2671 4430 2887 4503 poena
2927 4414 3186 4478 affectis
3227 4411 3525 4478 coerceri
3569 4409 3682 4476 vel
3726 4427 3896 4494 sup-

514 4545 701 4627 primi
723 4567 934 4633 posse
962 4560 1235 4640 negant.
1281 4552 1473 4620 Illam
1501 4552 1896 4619 sententiam
1939 4550 2464 4637 amplectuntur:
2512 4542 2930 4612 celsissimus
2970 4538 3451 4607 lma-mauman
3492 4536 3902 4622 (Aufsdt‘ze

517 4671 609 4736 im
650 4646 945 4769 Archiv,
1024 4676 1248 4747 VIII.
1295 4678 1513 4748 Tlteil
1557 4678 1641 4750 S.
1673 4686 1811 4750 468.
1868 4681 2019 4749 und
2067 4693 2250 4744 neue
2309 4670 2539 4756 Fotye
2587 4670 2650 4737 I.
2712 4666 2797 4738 8.
2835 4670 2978 4738 384.
3057 4668 3470 4737 clarissimus
3546 4667 3900 4746 namma,

516 4796 886 4870 Lem-buch
925 4803 1008 4873 S.
1042 4807 1182 4874 894.
1246 4808 1674 4879 doctissimus
1716 4810 2003 4895 Qum-rus
2041 4807 2087 4876 1.
2128 4809 2174 4873 1.
2213 4825 2279 4893 p.
2310 4800 2427 4872 131
2474 4819 2653 4889 seq.,
2718 4800 2891 4867 hanc
2931 4792 3223 4867 defendit
3275 4796 3895 4883 praestantissimus

516 4912 983 5016 301313ϊῖΰῆ
1036 4932 1153 5024 iis,
1217 4957 1385 5023 quos
1437 4940 1797 5029 pugnaturi
1844 4938 2299 5009 secundantes
2340 4937 2757 5021 creaverint,
2826 4934 3137 5002 auxilium
3179 4948 3367 4998 suum
3407 4926 3897 5008 recusantibus,
