4782 6002
1012 732 1104 829 3)
1157 732 1839 832 controversiarum
1890 739 2340 811 maximarum
2362 790 2384 832 ,
2458 735 2656 836 quod
2722 737 2997 814 adtinet
3043 740 3468 833 servitutes,
3539 740 3611 815 in
3661 742 3813 814 suis
3863 744 4225 819 conffl-

818 878 1137 952 tionibus
1188 879 1348 979 ipse
1397 878 1856 954 occasionem
1897 877 2102 953 dedit
2136 882 2230 973 1).

1014 1017 1100 1111 4)
1156 1017 1280 1091 Ex
1331 1016 1501 1114 lege
1552 1017 1681 1091 ult.
1734 1015 1927 1094 Cod.
1992 1019 2175 1094 tituli
2241 1021 2620 1095 tricessimi
2691 1021 2943 1094 octavi
3017 1019 3488 1118 intelligitur,
3563 1023 3922 1119 antiquam
3984 1022 4223 1098 colla-

813 1159 1076 1231 tionem
1130 1160 1730 1257 emancipatorum
1771 1163 1919 1258 jam
1972 1168 2143 1236 tunc
2193 1173 2269 1235 et
2316 1167 2486 1235 ante
2535 1158 2905 1234 novellam
2970 1161 3424 1234 centesimam
3487 1157 3834 1234 decimam
3887 1169 4222 1238 octavam

810 1298 886 1370 in
940 1320 1070 1370 usu
1113 1298 1304 1396 juris
1353 1319 1496 1422 non
1550 1298 1989 1395 obvenisse,
2061 1322 2221 1375 cum
2271 1299 2400 1373 filii
2466 1298 2801 1396 filiaeque
2870 1296 3350 1373 donationem
3386 1305 3687 1398 propter
3746 1303 4034 1422 nuptias
4093 1300 4222 1378 vol

810 1435 1049 1512 dotem
1103 1436 1413 1534 habeant
1461 1417 1918 1543 praecipuam
1968 1445 2033 1516 si
2082 1445 2154 1517 in
2204 1446 2632 1517 testamento
2682 1447 2899 1539 pater
2948 1436 3043 1513 de
3091 1436 3231 1513 hac
3279 1461 3361 1514 re
3412 1440 3781 1514 tacuisset.

1008 1580 1096 1672 5)
1150 1579 1231 1653 ln
1287 1580 1456 1678 lege
1518 1580 1649 1661 ult.
1717 1581 1897 1655 tituli
1967 1580 2498 1679 quadragesimi
2567 1581 2758 1655 tertii
2828 1586 2943 1653 est
3011 1576 3486 1654 celeberrima
3547 1575 3676 1652 lex
3740 1575 4074 1654 ludorum
4125 1625 4227 1645 -.

808 1715 1118 1793 edictum
1173 1722 1376 1817 quasi
1428 1683 1778 1820 praefecti
1830 1744 2132 1814 morum,
2188 1719 2587 1821 adjuvante
2653 1722 3010 1822 episcopo
3080 1718 3621 1795 exercendum:
3690 1719 3904 1795 simul
3969 1729 4227 1797 contra

810 1851 1268 1957 blasphemos
1320 1868 1391 1934 et
1441 1825 1922 1962 perjurantes.
4190 1967 4198 1974 ἡ

956 1971 1088 2071 'In
1143 2007 1394 2096 quarto
1450 1998 1762 2076 Codicis
1813 2000 2000 2075 libro
2052 2000 2398 2098 quaedam
2447 2012 2653 2097 sunt,
2707 2024 2891 2101 quae
2941 1999 3035 2110 ad
3086 2008 3503 2077 contractus
3554 2006 3885 2099 spectant
3915 2005 4029 2094 ²)=
4096 2003 4211 2076 ni-

802 2137 909 2211 hil
960 2145 1197 2211 tamen
1246 2137 1464 2238 plane
1515 2141 1701 2214 novi
1756 2140 2152 2216 introduxit
2200 2145 2609 2243 imperator.
2710 2141 3101 2244 Stipulatio
3138 2139 3377 2215 adhuc
3425 2140 3559 2214 fuit
3611 2146 4030 2214 contractus
4076 2160 4219 2235 ge-

806 2275 1119 2369 neralis,
1172 2299 1309 2353 nec
1348 2282 1773 2354 ”commutari
1837 2288 2081 2380 potest
2157 2303 2314 2356 cum
2369 2255 2850 2358 instrumentis
2901 2283 3231 2358 emtionis
3283 2279 3765 2372 venditionis,
3817 2278 4221 2353 locationis

812 2416 1363 2512 conductionis,
1416 2428 1492 2492 et
1542 2409 2135 2520 emphyieuseose
2211 2426 2374 2522 ipsa
2438 2424 2622 2496 enim
2681 2420 3052 2522 stipulatio
3081 2474 3103 2515 ,
3178 2423 3244 2492 si
3310 2423 3602 2520 scriptis
3681 2416 4218 2509 celebrabatur,
4291 2493 4298 2502 ,

648 2629 667 2639 ,
798 2559 903 2633 e‘x
954 2579 1096 2633 una
1145 2565 1349 2658 parte
1395 2559 1529 2635 fuit
1580 2568 1995 2637 contractus
2042 2562 2455 2664 perfectus,
2535 2582 2660 2637 ex*
2701 2562 2933 2637 altera
3005 2563 3538 2636 instrumentum
3587 2558 4036 2659 probationis
4088 2556 4220 2632 vel
4339 2583 4346 2588 ·
4486 2659 4493 2666 ἢ

800 2698 1167 2798 plenariae
1215 2701 1652 2775 securitatis.

1002 2839 1274 2915 Novus
1325 2840 1458 2917 fuit
1509 2848 1923 2917 contractus
1973 2842 2271 2918 literalis
2318 2867 2453 2944 per
2501 2844 3010 2944 exceptionem
3060 2861 3206 2916 non
3257 2847 3668 2916 numeratae
3721 2836 4100 2937 pecuniae.

1000 2981 1322 3069 Donatio
1386 2980 1581 3057 facta
1648 2990 1762 3056 est
1826 2987 2109 3082 paetum
2185 2982 2596 3082 legitimum.
2700 2983 2819 3058 De
2870 2982 3258 3057 constituta
3304 2981 3614 3081 pecunia
3680 2987 3758 3053 et
3825 2975 3921 3052 de
3988 2973 4220 3053 bene-

800 3120 970 3195 ficio
1024 3119 1443 3214 divisionis,
1497 3124 1562 3195 si
1610 3120 1857 3220 plures
1905 3124 1978 3196 in
2029 3121 2337 3197 solidum
2408 3126 2879 3215 constituant,
2953 3145 3217 3197 novam
3276 3121 3517 3218 legem
3589 3116 3814 3195 dedit.
3895 3117 4006 3212 (4.
4059 3116 4218 3209 18.)

800 3258 1118 3359 Majoris
1169 3263 1501 3336 momenti
1554 3267 1663 3336 est
1714 3262 2131 3335 constitutio
2201 3288 2568 3339 usurarum
2638 3263 2728 3354 (1.
2778 3263 2896 3343 26.
2956 3261 3145 3339 Cod.
3201 3262 3270 3335 4.
3322 3262 3485 3355 32).
3586 3257 3715 3334 Ad
3781 3277 4214 3355 compensa-

645 3504 651 3511 .
797 3402 1061 3475 tionem
1110 3409 1191 3476 et
1252 3400 1760 3477 deductionem
1827 3406 1939 3496 (et
1984 3404 2452 3477 novationem
2501 3402 2628 3486 lib.
2679 3402 2791 3497 8.)
2860 3424 3124 3478 novam
3192 3401 3800 3500 interpretationis
3868 3399 4211 3470 rationem
4308 3407 4332 3419 ·

797 3543 1351 3634 monstravit-³),
1405 3542 1491 3634 (l.
1541 3541 1668 3616 21.
1718 3540 1914 3623 Ood.
1965 3542 2036 3616 4.
2086 3542 2246 3636 34.)

994 3679 1227 3755 Liber
1277 3683 1561 3777 quintus
1611 3679 1919 3757 Codicis
1971 3686 2289 3760 continet
2339 3685 2625 3785 nuptias
2676 3691 2752 3758 et
2801 3680 3085 3756 tutelas.
3183 3678 3275 3755 Si
3343 3676 3784 3750 matrimonia
3837 3675 4022 3747 inter
4070 3675 4207 3746 im-

798 3843 1019 3918 pares
1071 3842 1424 3919 personas
1475 3823 1851 3914 ineuntur,
1903 3825 2354 3922 praescripta
2404 3829 2571 3899 sunt
2617 3825 3080 3905 instrumenta
3121 3817 3392 3893 dotalia
3423 3837 3514 3890 eo
3567 3837 3785 3889 sensu
3813 3867 3835 3906 ‚
3892 3835 4035 3910 quo
4090 3815 4206 3887 in-

795 3966 1183 4033 strumenta
1223 3965 1372 4059 jam
1426 3963 1494 4035 in
1549 3963 1740 4036 omni
1791 3968 2164 4037 contractu
2214 3960 2530 4037 remedia
2561 3960 2914 4062 probandi
2965 3960 3203 4035 fuere:
3262 3958 3347 4052 (Ι.
3381 3956 3501 4031 23.
3537 3965 3610 4046 s.
3647 3957 3718 4029 ⁴.
3754 3953 3946 4031 cod.
3982 3955 4054 4028 5.
4092 3954 4203 4047 4.)

960 4211 1043 4287 1)
1088 4218 1177 4273 ne
1217 4216 1424 4289 legato
1459 4219 1823 4293 usufructu,
1863 4216 1939 4274 de
1984 4216 2312 4275 heredibus
2346 4214 2670 4292 legatarii,
2715 4212 2790 4271 de
2830 4210 3213 4286 habitatione,
3234 4211 3309 4268 de
3360 4207 3828 4283 praescriptione
3873 4206 4204 4263 ususfruc-

795 4326 932 4397 tus,
974 4324 1051 4382 de
1092 4339 1332 4383 nonusu
1371 4325 1736 4381 servitutum
1781 4321 2159 4395 praediorum
2203 4324 2247 4379 l.
2293 4322 2381 4379 12
2412 4317 2627 4379 -17.
2670 4318 2816 4377 Cod.
2853 4318 2915 4374 3.
2959 4317 3074 4375 33.

941 4422 1031 4505 2)
1074 4431 1275 4486 Multa
1321 4428 1566 4487 exhibet
1606 4429 1702 4485 hic
1744 4426 1901 4486 liber
1944 4427 2021 4485 de
2065 4425 2319 4485 testibus
2364 4430 2425 4481 et
2467 4423 2881 4482 instrumentis
2941 4427 3001 4479 et
3055 4419 3289 4507 edendo
3341 4414 3464 4494 (tit.
3515 4418 3633 4477 20.
3677 4412 3834 4489 21.)
3906 4402 3981 4472 de
4011 4407 4200 4486 jure-

785 4529 1047 4602 jnrando
1090 4533 1570 4609 extrajudiciali‚
1639 4533 1798 4608 quod
1861 4528 2194 4609 juramento
2236 4531 2428 4605 legali
2483 4528 2823 4586 calumniae
2864 4527 3197 4603 opponitur.
3261 4517 3720 4599 (leg.11.12.
3777 4520 3889 4578 13.
3933 4514 4078 4613 cod.
4126 4516 4197 4573 4.

794 4630 887 4707 1.)
929 4633 1006 4691 de
1049 4633 1465 4707 chirographis
1509 4640 1596 4700 tit.
1642 4640 1711 4697 4.
1753 4638 1819 4697 2.

956 4736 1035 4804 3)
1075 4740 1157 4796 Ut
1191 4739 1458 4797 actiones
1496 4747 1558 4798 et
1599 4740 1674 4799 ab
1712 4740 2038 4800 heredibus
2080 4745 2142 4798 et
2191 4744 2400 4798 contra
2431 4734 2686 4795 heredes
2719 4694 3003 4812 incipiant
3040 4734 3107 4843 4.
3148 4726 3243 4792 11.
3287 4730 3366 4788 «le
3406 4727 3672 4786 debitore
3711 4724 3797 4780 rei
3836 4722 4197 4798 alternatae,

793 4844 898 4917 qui
940 4848 1262 4917 utrumque
1301 4844 1508 4909 solvit.
1549 4846 1617 4903 4.
1661 4842 1730 4902 ὅ.
