4782 6002
2529 713 2628 801 ss

927 937 1209 1015 Domina
1262 933 1563 1028 BUISA,
1635 959 1673 1009 a
1722 941 1914 1027 viro,
1966 939 2077 1030 qui
2127 919 2370 1009 nomen
2425 953 2612 1009 suum
2685 932 2983 1030 profiteri
3035 935 3278 1026 noluit,
3349 935 3622 1020 factum,
3653 957 3719 1062 e
3772 937 3958 1029 cujus
4008 940 4225 1068 usuris

930 1081 1276 1174 quotannis
1328 1031 1703 1170 theologiae
1754 1057 2113 1148 studiosus
2136 1085 2185 1146 e·
2232 1073 2524 1146 dioecesi
2575 1072 3046 1169 Eppingen
3097 1057 3590 1148 sustentaretur.
4207 1077 4216 1090 ’

1134 1216 1257 1287 Hic
1310 1233 1573 1309 quoque
1624 1218 1873 1306 gratias
1924 1207 2193 1284 reddam
2248 1215 2400 1284 viro
2449 1211 2838 1286 doctissimo
2909 1211 2993 1284 de
3064 1212 3406 1284 academia
3473 1221 3695 1285 nostra
3764 1212 3936 1285 hene
3983 1215 4222 1286 merito

928 1352 1271 1443 HAUTZ,
1288 1352 1573 1446 Magno
1626 1350 1795 1424 Duci
1847 1350 2172 1464 Badarum
2245 1372 2284 1421 a
2359 1349 2653 1422 consiliis
2725 1349 2958 1439 aulae,
3027 1353 3136 1446 qui
3207 1372 3336 1421 non
3410 1350 3623 1421 solum
3678 1349 4030 1440 dictarum,
4104 1350 4224 1424 sed

929 1473 1214 1565 omnium
1266 1491 1543 1588 piarum
1572 1511 1957 1577 causarum,
2030 1483 2287 1610 quihus
2331 1487 2498 1559 haee
2566 1490 2963 1561 universitas
3016 1485 3290 1576 fruitur,
3353 1479 3774 1561 instrumenta
3825 1487 4226 1608 fundationis

928 1627 996 1703 et
1046 1641 1281 1703 statuta
1335 1627 1601 1722 collegit
1651 1627 2016 1722 eademque
2068 1629 2242 1722 typis
2295 1629 2578 1721 exprimi
2633 1627 2905 1698 curavit.

1132 1868 1280 1941 Jam
1333 1869 1726 1942 accedamus
1780 1867 1859 1939 ad
1915 1867 2339 1963 quaestiones
2390 1887 2566 1938 anno
2619 1866 3075 1962 praeterlapso
3129 1870 3522 1964 propositas

1136 2040 1365 2114 Ordo
1420 2040 2049 2134 theologorum
2103 2039 2271 2111 hanc
2324 2042 2777 2134 quaestionem
2832 2049 3287 2135 proposuerat.

1342 2175 1776 2273 „Exponatnr
1825 2163 2287 2248 controversia
2341 2174 2430 2247 de
2481 2179 2548 2249 vi
2603 2159 2670 2247 et
2723 2200 2843 2248 usu
2895 2175 3260 2250 traditionis
3312 2182 3377 2248 in
3431 2178 3749 2265 ecclesia,
3803 2181 3889 2249 ita
3931 2176 4219 2270 quidem,

1304 2325 1457 2408 ⁸·„ut
1508 2325 1639 2386 tam
1686 2309 1986 2408 origines
2040 2316 2183 2405 ejus
2237 2314 2509 2385 saeculo
2563 2312 3055 2386 sexto-decimo
3092 2321 3506 2406 enarrentur,
3560 2336 3750 2406 quam
3785 2336 3956 2407 quae
3991 2325 4224 2387 nostro

1344 2473 1566 2546 „aevo
1621 2435 1705 2525 ea
1756 2451 1843 2523 de
1894 2473 1971 2523 re
2025 2433 2345 2547 disputata
2398 2460 2573 2540 sunt,
2625 2449 3122 2544 dijudicentur.“
4217 2451 4224 2458 ’

1134 2608 1280 2680 Una
1335 2608 1551 2681 oblata
1603 2619 1706 2680 est
1758 2607 2153 2697 dissertatiO,
2205 2610 2513 2702 inscripta
2569 2605 3029 2703 chrysostomi
3081 2606 3345 2680 verbis:

1338 2732 1737 2824 „napoidomg
1780 2735 1952 2822 ἑότί,
2009 2731 2213 2822 μηδὲν
2245 2736 2459 2803 ’πλέον
2502 2729 2725 2821 ζήτειίί.

930 2864 1015 2937 de
1068 2888 1193 2960 qua
1248 2864 1478 2937 Ordo
1530 2865 2162 2959 theologorum
2214 2865 2404 2938 hanc'
2439 2866 2579 2937 tulit
2630 2868 3054 2938 sententiam:

1144 3004 1446 3098 „Auctor
1496 3029 1640 3077 cum
1695 3008 2145 3099 quaestionem
2198 3001 2280 3077 ab
2312 3003 2584 3092 Ordine,
2639 3013 2708 3075 ut
2743 3006 2868 3099 ipsi
2904 3000 3168 3098 quidem
3209 2998 3575 3094 videbatur,
3628 3000 4015 3075 arctioribus
4066 3000 4226 3074 fini-

924 3140 1049 3213 hus
1128 3145 1683 3237 circumscriptam
1763 3162 1857 3213 ex
1930 3147 2291 3238 superiore
2328 3142 2633 3235 ‘quodam
2712 3142 2866 3213 loco
2947 3139 3492 3213 considerandam
3564 3143 3840 3238 ejusque
3903 3146 4220 3214 terminos
4328 3222 4335 3229 ,

925 3274 1126 3350 multo
1181 3280 1477 3374 amplius.
1506 3278 1944 3375 proferendos
1998 3290 2150 3352 csse
2217 3278 2569 3375 professus
2624 3284 2746 3369 sit,
2818 3282 2888 3350 in
2954 3279 3148 3351 aliam
3199 3279 3395 3374 plane
3446 3260 3588 3351 rem
3639 3280 3973 3373 inquisivit
4025 3291 4226 3374 atque

927 3414 1108 3487 Ordo
1162 3416 1249 3487 ab
1299 3438 1383 3489 eo
1435 3422 1885 3513 proposcerat.
1952 3408 2111 3489 Iade
2162 3417 2407 3491 factum
2464 3425 2585 3508 est,
2638 3428 2707 3490 ut
2755 3417 2881 3490 illis
2934 3416 3446 3514 quaestionibus,
3500 3415 3584 3489 ad
3636 3440 3802 3514 quas
3849 3417 4228 3490 tractandas

925 3546 1370 3647 magnitudine
1424 3556 1701 3651 quadam
1754 3558 2000 3648 ingenii
2042 3559 2374 3629 ‘excitatus
2428 3578 2579 3630 sese
2632 3558 2955 3648 accinxit,
3009 3576 3242 3653 parem
3293 3576 3368 3628 se
3422 3578 3556 3629 non
3612 3554 3956 3627 exhiheret
4006 3576 4228 3649 neque

925 3678 1013 3781 sd,
1042 3678 1239 3785 'quod
1294 3714 1478 3763 saum
1534 3704 1700 3783 erat,
1732 3698 1913 3765 satis
1967 3700 2270 3766 accurate
2323 3705 2389 3765 et
2425 3698 2898 3790 circumspecte
2924 3702 3446 3791 perscrutaretur
3471 3693 3964 3787 singularumve
3999 3714 4224 3765 rerum

925 3832 1243 3901 rationem
1299 3827 1569 3901 haberet
1620 3830 1941 3902 idoneam.
2051 3830 2605 3905 Gravissimarum
2659 3835 2994 3935 notionum
3047 3832 3489 3929 explicatione
3537 3830 3845 3925 neglecta
3896 3852 3983 3903 ne
4019 3832 4224 3927 ipsius

926 3952 1184 4059 quidem
1237 3967 1657 4039 traditionum
1710 3954 2023 4040 notionis
2050 3954 2349 4063 origines
2399 3992 2491 4041 ex
2544 3954 2817 4044 historia
2873 3974 3029 4043 satis
3081 3970 3466 4059 illustravit3
3519 3971 3587 4040 in
3641 3968 3840 4041 rebus
3891 3968 4222 4041 historicis

924 4102 1095 4175 haud
1146 4124 1301 4176 raro
1354 4109 1654 4199 graviter
1704 4108 2043 4201 peccavit3
2126 4088 2243 4178 uhi
2310 4106 2538 4181 sobrie
2603 4113 2670 4181 in
2736 4130 2850 4182 res
2917 4113 3095 4205 ipsas
3157 4106 3594 4198 indagandum
3663 4115 3839 4197 erat,
3887 4086 4222 4202 ⁸praecoci

925 4248 1126 4336 saepe
1178 4240 1451 4315 levitate
1492 4242 1849 4333 judicavit3
1933 4243 2289 4337 longinqua
2359 4247 2624 4340 petendi
2697 4246 2910 4319 studio
2981 4247 3288 4342 abreptus
3360 4246 3583 4340 operis
3648 4245 3964 4317 volumen
4017 4244 4222 4338 longe

925 4366 1244 4472 prolixius
1297 4360 1634 4469 extendit3
1696 4364 1883 4451 'mira
1955 4382 2275 4474 quaedam
2344 4390 2410 4455 et
2474 4384 2668 4479 plane
2731 4408 2910 4458 nova
2963 4384 3306 4481 proferre,
3379 4405 3488 4454 res
3539 4382 3810 4479 pusillas
3864 4380 4228 4474 grandibus

929 4514 1113 4584 affari
1162 4514 1388 4588 verbis
1443 4516 1715 4612 cupidus
1778 4518 2211 4590 formularum
2278 4504 2473 4615 copia
2542 4522 2864 4595 lectorem
2936 4521 3185 4611 obruit,
3256 4504 3535 4616 patrium
3590 4540 3968 4594 sermonem
4019 4522 4222 4593 novis

928 4648 1143 4743 plane,
1195 4655 1431 4744 partim
1484 4674 1575 4723 ex
1627 4653 1825 4725 latina
1877 4656 2097 4747 lingua
2152 4660 2387 4752 petitiS‚
2438 4662 2671 4753 partim
2726 4658 2807 4731 ab
2862 4669 3134 4731 auctore
3183 4662 3326 4755 ipso
3381 4658 3611 4731 affictis
3664 4656 4008 4731 vocabulis
4057 4656 4230 4727 foe-v

930 4784 1127 4858 davit.
1231 4786 1348 4857 His
1420 4788 1503 4858 de
1570 4795 1786 4862 causis
1856 4788 2020 4864 ordo
2092 4792 2730 4866 commentationem
2774 4799 3072 4889 praemio
3137 4794 3496 4867 ornandam
3551 4776 3705 4871 esse
3756 4817 3892 4867 non
3944 4770 4218 4867 censuit.

926 4918 1358 4993 Nihilominus
1431 4944 1575 4994 oum
1648 4935 1875 4999 auctor
1942 4930 2006 5000 in
2064 4951 2141 5031 re
2190 4950 2309 5001 sua
2363 4952 2602 5024 magna
2677 4931 3010 5027 diligentia
3082 4938 3146 5005 et
3215 4918 3596 5007 multimodo
3645 4931 3859 5009 studio
3911 4940 4220 5009 versatus
