4782 6002
2517 514 2744 641 24'

915 801 1296 868 discrimen.
1376 799 1551 865 Nam
1593 813 1711 884 pro
1748 812 1969 861 rerum
2010 794 2501 879 temporumque
2557 790 2935 858 conditione
2987 788 3258 873 penitus
3305 786 3643 857 homicidii
3702 793 3946 862 natura
3999 800 4306 866 nutat

915 927 1272 993 Plurimum
1311 928 1485 992 enim
1522 926 1837 1008 interest,
1905 940 2035 1008 qua
2077 925 2452 1007 quantaque
2490 920 2730 1005 injuria
2768 918 3003 986 laesus
3040 913 3128 982 ad
3171 920 3513 985 certame-
3553 917 3907 1004 singulare
3946 920 4326 994 hennum.

916 1060 1395 1139 commovetur,
1457 1071 1648 1139 quum
1665 1096 1687 1134 ‚
1750 1067 1880 1136 quo
1919 1049 2203 1133 gravior
2240 1049 2540 1116 extiterit
2580 1046 2860 1115 offensio
2872 1091 2898 1133 ,
2957 1060 3044 1112 eo
3079 1043 3305 1129 nugis
3347 1043 3744 1112 excusanda
3781 1046 3872 1112 sit
3907 1055 4316 1134 provocatio.

918 1179 1370 1269 Quodcunque
1407 1198 1568 1246 vero
1609 1196 1843 1246 ansam
1880 1180 2095 1267 potuit
2131 1176 2461 1264 praebere
2523 1174 2755 1243 cwdis
2816 1170 3245 1262 perpetrandi
3281 1170 3476 1238 modo
3515 1169 3603 1238 ad
3647 1175 4103 1244 excusandum
4139 1195 4316 1248 cun-—
4421 1185 4428 1192 ’

916 1310 1093 1376 feret
1147 1309 1433 1375 duellum
1448 1351 1470 1389 ‚
1536 1307 1730 1374 modo
1786 1305 2175 1391 graviorem
2228 1302 2478 1370 efficiet
2533 1318 2836 1389 poenam.
2936 1299 3061 1368 Sic
3121 1317 3314 1367 nemo
3366 1301 3437 1369 in
3488 1301 3962 1371 dubitationem
4012 1304 4320 1393 vocabit,

916 1437 1073 1522 quin
1111 1437 1174 1502 is
1216 1437 1327 1520 qui
1369 1434 1812 1521 periculosius
1855 1432 2060 1500 duelli
2117 1449 2342 1521 genus
2399 1433 2835 1518 proponeret,
2901 1432 2975 1496 ut
3020 1425 3478 1495 adversarium
3530 1446 3576 1496 a
3622 1428 3847 1497 duello
3902 1431 4308 1519 prohiberd,

918 1563 1096 1632 nulla
1157 1566 1407 1646 majore
1464 1579 1683 1649 poena
1740 1559 2138 1648 plectendus
2208 1561 2338 1645 sit,
2407 1578 2605 1646 quum
2651 1558 2937 1626 animum
2989 1555 3339 1624 occidendi
3379 1573 3528 1626 cum
3566 1557 3722 1624 dolo
3759 1561 4308 1645 conjunctum&

918 1691 1330 1758 homicidium
1385 1691 1663 1757 consilio
1724 1693 2113 1776 susceptum
2158 1686 2736 1756 consummandum
2775 1687 3067 1754 subesse
3107 1690 3430 1773 oporteat.
3508 1686 3744 1771 Itaque
3785 1686 3991 1755 duelli
4029 1705 4119 1754 ea
4151 1689 4303 1775 opi-

917 1817 1119 1886 nione
1175 1818 1625 1905 praeJudicata
1684 1818 1826 1885 nati
1881 1821 1952 1883 et
2007 1816 2480 1903 praesentibus
2519 1815 2674 1886 aliis
2712 1816 3082 1912 hominibus
3121 1816 3486 1903 perpetrati
3521 1815 3737 1882 levior
3775 1816 4026 1883 existet
4064 1831 4320 1902 poena,

921 1961 1111 2031 quam
1165 1943 1498 2010 homicidii
1548 1960 1638 2009 ex
1698 1943 2049 2009 humilibus
2108 1942 2574 2029 cupiditatibus
2614 1942 3127 2030 descendentis,
3191 1946 3380 2029 cujus
3415 1940 3811 2010 admittendi
3852 1961 4062 2010 causa
4091 1945 4312 2012 inter·-

919 2071 1167 2153 fe'ctor,
1208 2070 1534 2137 hominum
1574 2074 1999 2157 conspectum
2034 2068 2349 2157 fug-iens,
2389 2072 2606 2138 noctis
2645 2072 2942 2139 tenebris
2980 2070 3072 2138 ad
3107 2069 3285 2136 fines
3325 2087 3494 2137 suos
3534 2070 4042 2157 consequendos
4082 2071 4306 2140 utitur,

922 2198 1272 2267 Homicida
1324 2217 1406 2265 eo
1457 2199 1683 2286 magis
1737 2199 2038 2265 omnibus
2097 2197 2429 2265 formidini
2490 2200 2618 2266 erit
2673 2204 2873 2286 atque
2927 2199 3207 2284 terrori,
3276 2217 3406 2286 quo
3464 2200 3686 2285 magis
3743 2200 3937 2285 inops
4001 2199 4305 2285 omnique

924 2326 1286 2396 destitutus
1328 2333 1436 2395 est
1475 2329 1760 2413 auxilio,
1832 2346 2021 2415 quem
2063 2326 2355 2396 caedere
2395 2327 2569 2414 apud
2607 2329 2892 2400 animum
2933 2346 3125 2395 suum
3162 2328 3522 2396 constituit.
3603 2326 3922 2410 Quamvis
3963 2326 4314 2396 consilium

924 2461 1260 2522 certamen
1300 2457 1664 2523 ineuntium
1716 2474 1962 2523 revera
2004 2474 2223 2543 poena
2266 2456 2486 2542 aliqua
2523 2454 2797 2542 dignum
2837 2456 2929 2522 sit
2970 2455 3375 2542 habendum,
3435 2475 3630 2543 quum
3657 2454 3964 2541 judices,
4033 2470 4310 2540 quorum

922 2583 1239 2650 auxilium
1292 2586 1765 2670 contemnitur,
1825 2585 2329 2667 conculcentur,
2404 2603 2599 2671 quum
2647 2584 2944 2651 societas
3001 2585 3322 2668 humana,
3381 2585 3599 2671 quiete
3658 2589 3729 2650 et
3785 2599 3956 2669 pace
4019 2580 4310 2664 turbata,

919 2708 1252 2795 laedatur,
1293 2716 1691 2799 aspernatur
1730 2713 1904 2794 vita,
1946 2730 2119 2798 quae
2158 2712 2296 2780 levi
2334 2711 2549 2778 animo
2593 2710 3067 2797 cupiditatibus
3106 2713 3436 2798 animique
3474 2710 3968 2792 affectionibus,
4021 2707 4309 2790 deditur,

923 2836 1340 2906 nihilominus
1378 2840 1651 2920 ‚illorum
1703 2845 1892 2908 tanta
1945 2841 2178 2907 haberi
2218 2859 2347 2906 uon
2393 2844 2619 2923 potest
2659 2839 2899 2924 culpa,
2964 2843 3212 2927 quanta
3251 2839 3640 2910 homicidae.
3720 2839 4028 2922 Pugnam
4065 2837 4304 2923 singu-

921 2963 1127 3031 larem
1169 2969 1571 3032 conserente
1611 2981 1832 3051 neque
1872 2963 2025 3032 dolo
2066 2981 2287 3051 neque
2327 2967 2402 3032 vi
2440 2969 2704 3052 utente,
2772 2965 2934 3034 hura
2988 2973 3058 3037 et
3110 2985 3373 3058 genere
3430 2968 3788 3036 certamnis
3843 2972 4039 3056 pacto
4093 2966 4310 3035 sanite
4367 3014 4376 3022 -

925 3088 1265 3158 servando
1303 3093 1665 3159 constituto
1705 3094 1960 3180 utrique
2000 3091 2088 3160 ad
2126 3111 2423 3180 pugnam
2465 3111 2545 3160 se
2583 3111 2983 3183 praeparare
3025 3099 3439 3186 relinquitur.
3520 3097 3711 3181 Quod
3753 3100 3815 3167 si
3855 3116 4015 3166 vero
4048 3100 4193 3183 quis
4232 3099 4312 3162 in

926 3219 1149 3287 duello
1189 3220 1459 3287 occisus
1495 3226 1649 3307 est,
1685 3226 1935 3289 tantum
1975 3225 2242 3308 aberat,
2287 3228 2358 3290 ut
2396 3224 2732 3311 inopinate
2772 3228 3291 3316 opprimeretur,
3331 3232 3403 3295 ut
3442 3246 3483 3296 e
3527 3229 3856 3297 contrario
3898 3228 3964 3295 ei
4001 3230 4304 3315 potestas

926 3353 995 3415 et
1043 3351 1309 3416 occasio
1372 3367 1535 3418 sese
1596 3350 2006 3420 defendendi
2073 3352 2232 3420 data
2286 3352 2555 3424 fuisset.
2631 3354 2810 3422 Nam
2866 3353 3042 3421 idem
3100 3354 3560 3423 adversarium
3626 3375 3816 3422 suum
3878 3350 4313 3445 exspectabat
4443 3394 4452 3403 -

925 3492 1205 3563 eumque
1245 3476 1686 3566 adoriebatur,
1728 3480 1825 3547 ita
1860 3484 2110 3549 ut‘non
2151 3498 2239 3548 ex
2279 3481 2656 3550 adversarii
2694 3483 2800 3547 sui
2840 3482 3217 3567 voluntate,
3258 3483 3382 3550 sed
3421 3484 3640 3570 potius
3684 3502 3774 3550 ex
3815 3500 3978 3548 casu
4014 3481 4313 3565 pendere

927 3604 1272 3695 videretur
1293 3648 1333 3707 ,“
1374 3610 1446 3673 ut
1483 3625 1755 3694 pugnae
1799 3611 2301 3697 succumberet,
2359 3612 2607 3679 sicario
2645 3611 3005 3697 periculum
3058 3612 3593 3696 subterfugiente
3631 3609 3976 3691 noctisque
4016 3605 4315 3693 caligine

924 3729 1117 3798 freto.

1160 3863 1403 3951 Neque
1454 3881 1588 3929 non
1649 3849 1973 3934 homicida
2028 3866 2176 3933 sive
2233 3867 2377 3935 irae
2428 3867 2799 3956 implendae
2851 3886 3092 3956 causa,
3160 3869 3314 3935 sive
3382 3864 3762 3954 cupiditatis
3806 3859 4148 3946 cuiusdam
4188 3876 4318 3927 ex-

927 3989 1214 4077 plendae
1252 3993 1508 4079 gratia,
1549 3997 1690 4060 tota
1727 3994 2041 4062 incumbit
2076 4000 2300 4065 mente
2339 4002 2411 4063 in
2450 3994 2910 4081 occidendam,
2985 4013 3179 4082 quam
3218 3996 3433 4081 elegit
3469 3993 3836 4075 νίοῑίιιιεωι,
3910 4009 4102 4077 quum
4144 4006 4310 4057 con-

928 4098 1152 4186 silium
1203 4119 1660 4189 adversarium
1718 4122 2162 4192 interficiendi
2213 4126 2326 4193 vel
2368 4125 2492 4219 fini·
2520 4123 2739 4191 duello
2779 4125 3255 4212 consequendo
3297 4127 3537 4208 postea
3576 4120 3888 4205 accedat,
3951 4118 4065 4187 vel
4102 4117 4310 4206 pluri-

927 4267 1101 4315 mum
1141 4250 1318 4317 absit
1357 4266 1403 4316 a
1439 4255 1816 4338 pugnante,
1858 4256 1968 4339 qui
2008 4254 2170 4319 nihil
2206 4254 2387 4320 aliud
2429 4272 2646 4344 agere
2687 4257 2864 4323 solet
2894 4273 3089 4341 quam
3123 4258 3197 4321 ut
3229 4254 3539 4320 honorem
3572 4250 3689 4319 vel
3715 4251 3972 4318 laesum
3999 4248 4321 4317 restituat

930 4379 1040 4444 vel
1094 4377 1400 4445 illaesum
1454 4384 1707 4447 servet.
1789 4380 2244 4468 Quotocuique
2298 4399 2466 4447 vero
2519 4383 2840 4469 cogitatio
2893 4385 2964 4449 in
3003 4381 3218 4448 oculis
3272 4382 3619 4468 animoque
3661 4352 3996 4462 versatur,
4067 4392 4150 4441 oe
4185 4371 4314 4439 ad-

932 4508 1235 4573 versario
1296 4526 1422 4574 suo
1475 4507 1679 4574 vitam
1732 4501 2194 4578 ademturum?
2270 4510 2335 4577 E
2394 4511 2722 4579 contrario
2780 4512 2929 4579 fere
2985 4527 3219 4577 omnes
3274 4514 3598 4597 exoptare
3650 4508 3907 4593 solere,
3972 4507 4046 4568 ut
4095 4515 4316 4585 neque

933 4632 1100 4717 ipsi,
1146 4650 1361 4720 neque
1400 4636 1778 4704 adversarii
1817 4635 2037 4706 duello
2082 4641 2623 4728 succumberent,
2689 4641 2808 4708 vel
2846 4639 3167 4729 graviore
3204 4637 3487 4707 vulnere
3525 4635 3947 4704 afficerentur
3988 4628 4136 4715 quis
4176 4629 4317 4713 eut,

937 4759 1048 4847 qui
1088 4755 1403 4827 nesciat?
1479 4763 1767 4851 Insuper
1803 4766 1943 4831 tota
1980 4767 2275 4836 societas
2316 4768 2600 4838 humana
2639 4769 2865 4856 magis
2923 4771 3336 4854 perterretur
3405 4769 3607 4854 atque
3648 4757 4067 4852 exhorrescit
4105 4753 4319 4822 homi-

939 4885 1110 4957 cidio
1167 4904 1291 4974 per
1340 4888 1657 4961 sicarium
1700 4891 1917 4978 facto,
1972 4907 2167 4976 quam
2230 4910 2427 4978 quum
2485 4895 2770 4980 aliquem
2807 4893 3026 4965 duello
3083 4895 3430 4965 interiisse
3469 4889 3901 4983 cognoverit,
3966 4885 4121 4974 quia
4157 4883 4312 4959 hnic
