4782 6002
2723 363 2768 429 8

1347 510 1784 604 Scripturam
1853 523 2092 579 autem
2160 510 2585 580 remiserunt
2649 509 3090 581 Theodosius
3156 523 3225 580 et
3276 500 3844 582 valentinianus*
3869 570 3883 598 ,
3946 514 4144 608 quod

1343 637 1793 709 confirmavit
1839 638 2027 707 Zeno
2069 636 2196 732 qui
2233 636 2446 707 etiam
2495 636 2571 707 in
2612 635 2994 708 traditione
3036 638 3517 708 necessitatem
3562 637 4145 710 adhibendorum

1349 764 1639 835 testium
1694 762 1984 833 remisit.
2011 749 2039 793 ²

1446 891 1618 962 Jure
1654 890 2095 961 Justinianeo
2132 888 2606 984 perficiuntur
2654 888 3074 960 donationes
3109 914 3275 960 cum
3312 889 3616 962 donator
3647 917 3847 964 suam
3898 894 4150 963 volun-

1349 1031 1564 1087 tatem
1617 1016 1897 1112 scriptis
1941 1030 2068 1087 aut
2115 1015 2265 1085 sine
2304 1015 2585 1109 scriptis
2640 1016 3216 1103 manifestaverit,
3269 1031 3341 1087 et
3404 1015 3492 1087 ad
3540 1020 3939 1114 exemplum
3984 1043 4150 1090 ven-

1347 1142 1640 1214 ditionis
1676 1141 2000 1214 tradendi
2060 1141 2542 1212 necessitatem
2586 1143 2659 1211 in
2702 1167 2774 1212 se
2812 1141 3081 1213 habent
3104 1129 3153 1212 3.
3199 1143 3375 1240 Ergo
3410 1159 3699 1239 pactum
3752 1145 4147 1242 legitimum

1347 1284 1451 1340 est
1489 1269 1818 1356 donatio,
1861 1293 2009 1364 quo
2035 1266 2488 1363 'perficiendo
2523 1267 2890 1340 donatoris
2927 1285 2997 1339 et
3042 1270 3196 1364 ejus
3235 1272 3348 1340 cui
3396 1268 3707 1342 donatur
3758 1272 4150 1367 requiritur

1349 1417 1731 1466 consensus
1748 1380 1796 1464 ⁴.
1833 1394 2052 1467 Nobis
2086 1393 2579 1490 ignorantibus
2608 1407 2845 1464 tamen
2878 1393 3128 1464 donari
3162 1408 3391 1490 potest
3441 1420 3570 1490 per
3609 1420 3941 1490 personas
3975 1421 4152 1491 quas

1351 1523 1425 1591 in
1485 1534 1827 1616 potestate
1890 1533 2130 1590 nostra
2196 1518 2549 1589 habemus
2576 1575 2592 1606 ,
2636 1518 2833 1614 quod
2890 1544 3104 1615 supra
3172 1522 3644 1614 exposuimus
3689 1521 4026 1592 Caeterum
4084 1537 4153 1593 et

1350 1650 1606 1719 tacitus
1643 1645 1904 1716 sufficit
1939 1669 2341 1715 consensus.
2385 1644 2797 1740 Requiritur
2827 1659 3068 1715 autem
3102 1669 3484 1716 consensus
3518 1671 3603 1715 eo
3645 1660 3967 1742 tempore
4003 1673 4150 1742 quo

1349 1772 1641 1843 donatio
1691 1769 2168 1854 contrahitur,
2222 1794 2368 1839 non
2429 1794 2660 1865 quum
2708 1768 3025 1841 conditio
3068 1769 3205 1840 sub
3248 1794 3391 1865 qua
3430 1784 3789 1842 contracta
3832 1786 3969 1856 est,
4021 1773 4152 1841 im-

1351 1884 1655 1993 pletur.⁵

1451 2022 1698 2115 Quum
1747 2019 2129 2093 traditione
2168 2046 2313 2091 non
2364 2021 2603 2092 statim
2653 2022 2941 2117 impleta
2983 2022 3118 2093 suit
3153 2021 3447 2093 donatio
3485 2036 3724 2118 postea
3766 2023 4144 2119 impletur,

1353 2148 1748 2244 iisdemque
1785 2146 2014 2217 modis
2051 2144 2135 2217 fit
2171 2147 2462 2218 traditio
2498 2173 2681 2242 quos
2716 2173 2931 2244 supra
2964 2148 3438 2242 exposuimus.

1452 2276 1754 2346 Nomina
1783 2274 1933 2343 sine
1958 2273 2301 2345 debitoris
2327 2298 2698 2363 consenso,
2730 2275 2943 2346 titulo
2970 2275 3372 2346 donationis
3402 2276 3760 2346 transferri
3792 2290 4086 2371 possunt
4100 2263 4148 2358 ⁴⁵,

1355 2401 1552 2497 quod
1593 2402 1678 2471 fit
1719 2425 1844 2495 per
1882 2399 2390 2498 delegationem
2443 2401 2803 2472 actionum
2826 2391 2875 2486 ⁷,
2922 2414 2990 2473 et
3036 2426 3113 2472 ex
3168 2401 3675 2472 constitutione
3717 2401 4155 2473 Justinianea

1351 2529 1502 2599 sine
1539 2528 1680 2598 litis
1720 2527 2229 2597 contestatione
2263 2552 2391 2597 nec
2428 2528 2799 2623 principali
2840 2528 3180 2622 rescripto
3214 2527 3301 2599 ad
3335 2527 3631 2599 heredes
3664 2542 4033 2599 transeunt
4048 2519 4097 2597 ⁸.

1453 2654 1688 2725 Debiti
1731 2654 2047 2724 remissio
2086 2654 2648 2748 acceptilatione,
2682 2655 2892 2725 etiam
2929 2668 3136 2749 pacto
3169 2652 3321 2725 fieri
3354 2669 3583 2749 potest
3599 2641 3649 2725 ⁹.
3703 2655 3900 2726 Valet
3938 2656 4149 2725 etiam

1353 2796 1642 2877 pactum
1683 2807 1830 2877 quo
1863 2806 2029 2852 cum
2071 2780 2395 2851 debitore
2435 2807 2590 2851 meo
2630 2782 2943 2876 paciscor
2983 2808 3072 2852 ne
3108 2796 3271 2852 ante
3306 2795 3581 2852 certum
3614 2795 3899 2876 tempus
3937 2782 4027 2852 ab
4064 2806 4148 2851 eo

1351 2887 1585 3006 petam
1610 2895 1685 2977 ¹⁰.
1743 2909 1890 2978 Hoc
1938 2908 2088 3003 jam
2146 2922 2307 2979 ante
2371 2908 2857 2979 Justinianum
2932 2907 3425 2981 introductum
3487 2922 3592 2979 est
3661 2934 3891 3007 quum
3948 2922 4149 3004 pacta

1352 3060 1632 3131 semper
1665 3034 2143 3130 exceptionem
2187 3050 2533 3130 parerent.

1454 3163 1756 3233 Donatio
1818 3163 2146 3232 omnium
2216 3162 2574 3232 bonorum
2628 3165 2734 3233 vel
2787 3164 3007 3259 partis
3061 3189 3190 3260 pro
3245 3162 3548 3234 indiviso
3601 3162 3751 3232 solo
3803 3186 4148 3232 consensu

1355 3288 1724 3383 perficitur
1760 3304 1829 3360 et
1865 3289 2140 3387 cogitur
2173 3288 2479 3360 donator
2513 3304 2793 3360 tantum
2840 3306 3192 3387 quantum
3228 3290 3557 3385 promisit
3592 3304 3929 3385 praestare.

1435 3565 1478 3595 ι.
1520 3541 1690 3595 Const-
1727 3562 1819 3613 ²9²
1854 3540 1943 3605 C„
2061 3554 2097 3593 t.

1976 3542 2027 3595 h.

1434 3667 1478 3698 2.
1519 3644 1690 3698 Const.
1723 3646 1778 3697 31
1811 3682 1827 3707 ‚
1860 3642 1917 3697 C.
1939 3682 1953 3709 ,
1984 3643 2036 3696 h.
2071 3656 2106 3696 t.

1430 3749 1477 3799 3.
1518 3741 1565 3815 5.
1601 3767 1661 3813 2,
1695 3745 1817 3799 Inst.
1841 3783 1855 3811 ‚
1887 3743 1939 3797 h.
1973 3758 2010 3797 t.

1418 3851 1464 3914 4.
1505 3846 1675 3901 Const.
1715 3867 1800 3913 10,
1834 3845 1927 3912 C.‚
1959 3847 2011 3901 h.
2045 3858 2080 3899 t.

1433 3953 1481 4003 5.
1519 3951 1602 4003 Fr.
1637 3971 1700 4015 α,
1734 3944 1780 4019 5.
1814 3952 1873 4013 5,
1906 3949 2007 4014 D.,
2039 3949 2089 4001 h.
2125 3961 2160 4001 t.

1431 4053 1481 4104 6.
1520 4050 1691 4105 Const.
1729 4073 1787 4116 2,
1821 4050 1877 4104 C.
1901 4091 1914 4116 ,
1947 4050 1998 4103 h.
2034 4063 2071 4103 t.

1435 4175 1479 4219 7.
1519 4152 1690 4207 Const.
1725 4176 1807 4219 11,
1841 4153 1928 4219 C.,
1961 4154 2012 4206 11.
2050 4166 2085 4205 t.

1433 4258 1479 4311 8.
1520 4254 1687 4311 Const.
1724 4259 1813 4321 33,
1848 4256 1933 4322 C.‚
1966 4255 2016 4309 h.
2051 4269 2086 4309 t.

1432 4379 1478 4431 9.
1521 4360 1603 4412 Fr.
1644 4381 1661 4412 1
1682 4398 1696 4425 ,
1729 4359 1820 4425 D.,
1852 4359 1929 4413 De
1960 4370 2194 4412 transact.
2235 4356 2312 4423 11,
2348 4362 2422 4411 15.

1398 4479 1472 4515 10.
1511 4462 1596 4516 Pr.
1628 4481 1687 4534 9,
1719 4462 1813 4529 D.,
1843 4460 1896 4515 h.
1928 4473 1967 4514 t.
