4782 6002
856 801 949 853 an
992 777 1090 853 de
1126 776 1250 853 die
1285 783 1493 854 certo
1537 777 1722 852 inter
1769 773 2173 850 locatorem
2208 777 2286 848 et
2323 772 2850 850 conductorem
2888 778 3321 852 convmaeit
3337 832 3360 872 ‚
3444 785 3823 860 nescimus.
3923 786 4180 863 Verba

855 946 1048 1018 „non
1111 924 1293 997 nissi
1354 944 1457 998 ex
1521 923 1767 996 mora“
1814 922 2036 1018 igitur
2079 917 2351 1019 duplici
2400 917 2622 995 modo
2672 929 2753 995 ut
2800 920 3006 998 lubet
3055 924 3540 1004 circumscribi
3588 940 3915 1030 possunt.
4015 932 4178 1011 Sed

806 1157 811 1162 ,
852 1073 1055 1147 nimis
1100 1067 1462 1144 subtiliter
1500 1064 2033 1143 Semomnaus
2071 1058 2172 1155 ¹⁶]
2220 1066 2410 1138 inter
2455 1085 2727 1141 moram
2775 1087 2875 1140 ex
2923 1088 3008 1142 re
3049 1071 3129 1141 et
3177 1065 3274 1145 de
3317 1094 3403 1147 re
3449 1068 3850 1175 distinguit.
3952 1077 4170 1154 Mora

854 1221 1076 1312 enim,
1119 1238 1305 1317 quae
1349 1237 1475 1310 re,
1526 1212 1623 1290 de
1672 1236 1800 1306 re,
1847 1235 1950 1288 ex
1994 1234 2122 1305 re,
2162 1213 2240 1285 in
2286 1232 2409 1304 re,
2463 1212 2542 1283 in
2587 1233 2739 1286 rem
2783 1210 2905 1301 fit,
2955 1210 3212 1288 eadem
3263 1224 3396 1289 est.

1047 1363 1139 1437 L.
1188 1364 1306 1436 4⁹.
1357 1372 1428 1453 s.
1477 1363 1559 1436 3..
1599 1362 1694 1435 D.
1746 1357 1843 1435 de
1890 1358 1990 1433 V.
2043 1358 2132 1435 Ο.
2185 1361 2327 1454 (45
2349 1413 2371 1454 ,
2429 1365 2514 1454 1)
2573 1361 3050 1440 Senonum
3097 1367 3527 1440 sententiam
3573 1391 3721 1443 non
3771 1375 4167 1450 coufirmat.

849 1509 1189 1590 Emmaus
1235 1513 1424 1588 enim
1469 1507 2033 1607 interpellationi
2049 1561 2072 1602 ‚
2123 1513 2296 1584 ante
2345 1505 2535 1584 diem
2585 1506 2833 1585 factae
2847 1562 2870 1603 ‚
2920 1509 3192 1583 nullum
3239 1509 3488 1586 tribuit
3533 1514 3889 1594 effectum.
3991 1522 4179 1602 Ser-

849 1683 991 1735 vus
1011 1712 1032 1750 ‚
1083 1663 1204 1759 qui
1253 1666 1425 1733 ante
1474 1654 1664 1732 diem
1680 1710 1700 1750 ‚
1751 1659 1827 1730 in
1876 1679 2089 1754 quem
2133 1658 2531 1755 promissus
2582 1664 2790 1751 erat,
2861 1656 3329 1757 interpellato
3371 1661 3809 1758 promissore
3824 1717 3844 1755 ‚
3911 1664 4176 1746 ‹120ae-

849 1814 1084 1900 serat,
1134 1826 1282 1879 non
1307 1802 1646 1896 dabatur,
1699 1806 1867 1903 quia
1901 1809 2201 1903 propter
2237 1805 2442 1879 servi
2474 1811 2774 1879 mortem
2811 1825 2958 1878 non
2994 1827 3130 1904 per
3152 1807 3660 1905 promissorem
3694 1812 3940 1902 stetit,
3993 1832 4176 1909 quo·
4297 1785 4306 1794 .

850 1955 1080 2026 minus
1137 1950 1368 2027 daret.
1470 1951 1612 2042 Qui
1677 1951 2000 2058 regulam
2044 1948 2253 2045 „dies
2321 1953 2633 2050 interp.“
2695 1958 2924 2026 ratam
2976 1975 3144 2028 esse
3185 1975 3333 2028 non
3382 1953 3583 2048 vult,
3657 1977 3759 2031 ex
3816 1954 3990 2053 lege
4053 1959 4176 2029 49.

848 2108 919 2189 s.
968 2100 1040 2174 3.
1091 2102 1214 2177 cit.
1262 2098 1487 2177 facile
1531 2108 1956 2199 argumento
2006 2122 2051 2176 e
2101 2101 2470 2176 contrario
2517 2121 2653 2198 pro
2697 2122 2835 2172 sua
2877 2102 3218 2198 opinione
3277 2098 3550 2200 aliquid
3612 2103 3982 2196 inveniet3
4053 2104 4176 2199 qui

850 2249 1174 2349 regulam
1221 2248 1576 2359 approbat
1595 2302 1616 2343 ‚
1667 2250 1941 2347 pariter
1987 2249 2428 2346 argumentis
2478 2267 2625 2320 non
2674 2244 2972 2320 carebit.

1044 2397 1136 2500 L.
1193 2399 1356 2469 114.
1406 2395 1499 2469 D.
1551 2392 1724 2470 ibid.
1774 2402 2013 2472 tamen
2076 2399 2237 2470 sine
2283 2393 2436 2468 ulla
2507 2392 2957 2493 dubitatione
3008 2393 3503 2471 Scanonmno
3555 2396 3819 2473 obstat.
3918 2397 4175 2496 Ulpia-

849 2566 983 2618 nus
1014 2506 1175 2619 aliis
1207 2544 1455 2622 verbis
1483 2547 1589 2618 ita
1612 2547 1938 2643 scripsit:
1989 2547 2055 2617 si
2089 2541 2391 2619 fundum
2422 2551 2627 2618 certa
2663 2542 2785 2618 die
2814 2546 3171 2642 praestari
3205 2542 3511 2640 stipuler
3542 2548 3619 2617 et
3655 2545 4050 2642 promissor
4084 2564 4174 2618 ea

849 2688 972 2767 die
1017 2715 1163 2768 non
1219 2696 1695 2794 praestiterit,
1768 2701 2323 2769 consecuturum
2370 2715 2485 2766 me
2504 2745 2525 2784 ,
2578 2694 2821 2790 quanti
2861 2713 3019 2766 mea
3067 2692 3412 2782 interest,
3480 2712 3749 2765 moram
3803 2713 3951 2765 non
4003 2713 4171 2765 esse

854 2837 1140 2916 factam.
1241 2838 1652 2936 Nusquam,
1720 2849 1801 2912 nt
1837 2842 1994 2937 jam
2030 2863 2249 2938 supra
2292 2837 2827 2932 demonstravi,
2899 2844 2982 2911 ut
3025 2839 3186 2935 quis
3233 2840 3308 2909 in
3350 2855 3554 2911 mora
3596 2843 3973 2929 versetur,
4024 2837 4174 2910 ulla

847 2983 1063 3085 culpa
1113 2988 1510 3086 requiritur.
1612 2985 2099 3061 Nihilominus
2147 2984 2679 3063 scmomnus
2695 3040 2716 3077 ‚
2770 2984 3354 3085 interpellatione
3401 2993 3674 3060 tantum
3709 2983 3992 3086 culpam
4036 2981 4172 3059 de·

845 3133 1096 3209 bitoris
1134 3137 1335 3208 nasci
1383 3154 1797 3232 supponens
1819 3187 1841 3224 ‚
1910 3132 2099 3230 legis
2133 3131 2368 3208 verba
2399 3154 2532 3231 pro
2575 3155 2659 3208 se
2699 3129 2950 3207 facere
2984 3130 3214 3229 fingit.
3317 3131 3408 3210 Si
3454 3134 3572 3207 vir
3614 3131 3879 3208 doctus
3928 3139 4168 3208 autem

846 3281 1246 3359 debitorem
1297 3303 1443 3354 non
1495 3280 1905 3355 solventem
1948 3302 2120 3354 sese
2172 3301 2306 3372 eo,
2371 3276 2570 3379 quod
2607 3301 2755 3352 uon
2791 3278 3290 3377 interpellatus
3351 3283 3483 3371 sit,
3558 3301 3918 3356 excusare
3952 3302 4173 3379 posse

845 3435 1090 3505 narrat
1108 3481 1130 3521 ,
1180 3426 1279 3502 de
1326 3450 1526 3503 mora
1563 3449 1664 3503 ex
1707 3448 2024 3525 persona
2048 3479 2071 3518 ,
2124 3448 2330 3525 quam
2367 3423 2802 3500 Pomomus
2848 3429 2924 3501 in

1628 3575 1680 3647 1.
1732 3578 1848 3646 23.
1898 3570 1990 3647 D.
2044 3571 2141 3647 de
2190 3571 2288 3646 v.
2342 3571 2667 3664 o.-(45‚
2727 3574 2808 3663 ι)

844 3725 1053 3800 affert
1071 3775 1091 3814 ‚
1142 3745 1287 3796 non
1336 3722 1433 3795 de
1480 3745 1682 3795 mora
1732 3744 1829 3796 ex
1881 3742 1963 3794 re
2003 3721 2315 3817 scripsit.

922 3924 923 3927 κ
1036 3867 1173 3947 IV.
1225 3869 1364 3943 His
1428 3868 1785 3966 expositis
1850 3885 1978 3939 eas
2037 3862 2247 3958 leges
2267 3915 2287 3951 ‚
2366 3861 2622 3960 quibus
2683 3861 3216 3939 Sannum-nnus
3265 3861 3367 3956 ¹⁷]
3427 3867 3748 3965 regulam
3809 3874 4164 3950 contineri

842 4032 1102 4121 neget,
1152 4015 1552 4094 videamus.

1623 4159 1672 4233 l.
1723 4162 1793 4232 0.
1841 4166 1912 4247 S.
1971 4162 2033 4232 1.
2079 4155 2172 4232 D.
2222 4153 2321 4231 de
2367 4178 2561 4231 usur.
2614 4158 2792 4249 (22,
2850 4156 2955 4245 1).

1622 4309 1672 4383 l.
1723 4311 1793 4382 4.
1844 4312 1914 4396 8.
1965 4306 2093 4382 ult.
2143 4305 2236 4380 D.
2289 4303 2385 4380 de
2434 4302 2581 4400 leg.
2635 4322 2885 4388 comm.
2927 4303 3105 4393 (18,
3154 4303 3268 4393 8).

1616 4458 1668 4544 l.
1717 4460 1832 4532 21.
1882 4465 1952 4545 8.
2001 4457 2070 4528 8.
2122 4454 2191 4527 9.
2244 4451 2335 4526 D.
2389 4447 2485 4525 de
2523 4457 2794 4547 recept.
2850 4449 2978 4542 (4,
3028 4449 3141 4537 8).

903 4726 1704 4830 1⁶)n.0.„g.1sa:yq.‚,
1850 4753 1870 4803 =
1926 4751 1947 4829 ξ

903 4867 1000 4936 ιτ)
1035 4868 1093 4920 ι..
1124 4884 1168 4920 c.
1203 4882 1326 4936 pag.
1362 4824 1546 4919 175²ss
1561 4820 1803 4918 ini.2····
1853 4813 1946 4893 ³⁰⁰
