4782 6002
1066 302 1172 373 ita
1222 305 1339 389 ut,
1391 297 1456 370 si
1489 295 1630 369 1130
1663 295 2036 392 impensae
2069 290 2219 365 alia
2254 291 2550 365 actione
2589 280 3089 388 postulantur,
3136 292 3399 371 eodem
3442 295 3660 370 modo
3703 294 3851 372 hoc
3890 299 4354 398 privilegium

1064 439 1303 512 locum
1354 435 1648 509 habent.
1747 431 1881 506 Fr.
1939 435 2030 504 17
2080 454 2191 530 pr.
2243 431 2339 504 D.
2394 428 2489 506 de
2541 431 2698 506 reb.
2752 444 2944 510 auct.
2989 432 3152 533 jud.
3208 437 3388 527 (42,
3419 438 3535 528 5).

1073 579 1082 587 ’
1262 575 1355 669 b)
1406 573 1503 647 Ei
1555 595 1843 671 quoque
1896 572 2085 647 haee
2135 574 2333 646 actio
2384 575 2775 670 competit,
2828 577 2948 671 qui
2999 599 3133 649 sua
3183 577 3484 672 negotia
3525 597 3611 651 se
3653 583 3978 651 tractare
4018 581 4356 676 opinatus

1067 724 1203 790 est.
1304 713 1438 788 Fr.
1502 717 1593 786 14
1643 722 1715 800 5.
1778 715 1889 786 11.
1941 711 2034 785 fr.
2086 681 2193 785 32
2233 736 2342 810 pr.
2396 711 2492 784 D.
2548 710 2616 783 h.
2670 720 2721 784 t.

1270 862 1360 954 c)
1430 856 1659 931 Actio
1710 854 2088 931 funeraria
2137 858 2215 927 in
2265 852 2664 929 subsidium
2715 874 3008 950 semper
3058 860 3215 943 est,
3291 855 3354 924 si
3417 853 3619 927 nulla
3668 853 3817 927 alia
3865 858 4064 929 actio
4117 857 4355 931 locum

1067 998 1336 1089 habet,
1391 997 1482 1070 sr.
1545 999 1656 1069 14.
1712 1005 1784 1084 s.
1847 1000 1957 1069 12.
2013 997 2127 1067 15.
2177 993 2273 1066 D.
2327 992 2496 1069 eod.
2547 992 2724 1068 ideo
2775 1014 2920 1065 non
2969 996 3321 1090 competit
3371 996 3479 1085 ei,
3535 995 3658 1090 qui
3697 992 3980 1068 funeris
4031 1000 4356 1071 curatori

1068 1159 1352 1212 merces
1403 1144 1481 1211 et
1534 1138 1881 1209 materias
1928 1131 2209 1208 funeris
2262 1130 2568 1207 curandi
2621 1155 2846 1208 causa
2893 1130 3142 1225 dedit,
3208 1133 3339 1208 vel
3389 1156 3660 1233 operas
3711 1138 4118 1233 praestitit,
4189 1140 4358 1233 quia

1064 1275 1236 1350 huic
1286 1277 1480 1348 aliae
1533 1276 1864 1348 actiones
1917 1280 2382 1371 competunt3
2437 1294 2529 1344 ea
2578 1279 2852 1348 tantum
2903 1276 3252 1373 exceptio
3303 1271 3474 1349 huic
3525 1275 3830 1372 regulae
3881 1273 4140 1351 addita
4201 1286 4353 1367 est,

1067 1416 1128 1486 si
1182 1412 1461 1488 funeris
1513 1420 1814 1487 curator
1866 1434 2013 1484 nou
2064 1420 2179 1484 est
2228 1408 2618 1484 solvendo.
2679 1408 2782 1504 ³⁷)

1265 1554 1362 1647 d)
1416 1554 1630 1628 Haec
1681 1556 1875 1629 actio
1928 1553 2168 1626 locum
2219 1550 2443 1625 habet
2492 1555 2565 1623 in
2609 1552 2951 1649 impensis
2993 1549 3276 1625 funeris
3326 1574 3554 1626 causa
3601 1551 3866 1643 factis,
3918 1556 3965 1625 i.
4013 1576 4080 1628 e.
4132 1556 4208 1628 in
4242 1553 4355 1627 his

1067 1701 1339 1769 tantum
1390 1699 1735 1792 impensis
1762 1749 1782 1785 ,
1838 1716 2025 1790 quae
2060 1692 2157 1767 ad
2187 1692 2406 1766 funus
2439 1689 2836 1767 curandum
2855 1688 3350 1770 'necessariae
3392 1693 3728 1785 fuerunt3
3779 1694 3925 1769 huc
3957 1694 4355 1771 referenda

1067 1832 1460 1909 cadaveris
1527 1835 1846 1923 curatio,
1919 1836 2083 1930 ejus
2144 1836 2717 1931 transportatio,
2788 1835 3005 1907 emtio
3065 1832 3216 1907 loci
3282 1832 3404 1907 ubi
3472 1831 3862 1909 defunctus
3924 1835 4350 1932 sepeliatur.

1070 1971 1201 2044 Fr.
1263 1974 1356 2045 14
1406 1980 1479 2058 S.
1531 1974 1603 2042 3.
1638 1973 1707 2043 4.
1744 1975 1813 2042 6.
1867 1969 1956 2045 sr.
1989 1973 2109 2043 37.
2154 1993 2268 2069 pr.
2314 1970 2406 2042 D.
2452 1971 2618 2045 eod.
2720 1970 3103 2069 Impeusae
3150 1980 3388 2045 autem
3439 1975 3872 2045 monumenti
3923 1972 4354 2047 exstruendi

1070 2134 1293 2185 causa
1345 2118 1419 2184 ct
1471 2109 1566 2183 ob
1622 2116 1875 2183 vestes
1927 2109 2281 2205 lugubres
2332 2108 2579 2184 sactae
2634 2133 2777 2183 non
2829 2112 3329 2185 restituuntur.
3432 2109 3563 2183 Fr.
3599 2114 3697 2183 37
3748 2120 3818 2198 s.
3861 2115 3894 2181 1
3947 2110 4040 2183 D.
4082 2109 4249 2203 eod.

1265 2255 1354 2347 e)
1425 2249 1563 2340 Qui
1618 2254 1821 2324 nimis
1875 2274 2102 2350 parce
2155 2258 2377 2347 atque
2429 2259 2745 2347 anguste
2796 2249 3012 2324 funus
3065 2251 3392 2342 curavit,
3464 2248 3642 2323 nihil
3693 2258 4032 2349 repetere
4079 2259 4350 2348 potest.

1062 2393 1198 2466 Fr.
1256 2395 1349 2464 14
1399 2401 1470 2479 S.
1534 2394 1625 2464 10
1675 2389 1842 2466 eod.

1268 2533 1481 2608 Haec
1532 2535 1757 2629 igitur
1807 2535 2000 2606 actio
2052 2533 2293 2606 locum
2346 2531 2709 2621 habebat,
2787 2531 2850 2602 si
2922 2553 3131 2605 nemo
3200 2551 3500 2619 eorum,
3581 2531 3702 2627 qui
3753 2527 4059 2625 obligati
4110 2536 4351 2617 erant,

1070 2673 1515 2771 sepulturam
1566 2674 1890 2761 curavit,
1944 2673 2351 2765 neminique
2407 2669 2814 2743 mandatum
2868 2666 3113 2773 datum
3165 2666 3321 2741 fuit.
3428 2666 3645 2757 Quod
3691 2672 3756 2741 si
3809 2691 3997 2743 vero
4041 2665 4353 2743 defunc-

1071 2818 1186 2882 tus
1237 2809 1457 2882 alicui
1508 2806 1918 2880 mandatnm
1971 2806 2318 2897 dederat,
2372 2807 2530 2898 hic,
2585 2812 2649 2880 si
2700 2808 3149 2908 sepulturam
3200 2812 3530 2899 curavit,
3584 2809 3680 2883 ob
3730 2813 4096 2907 impensas
4148 2835 4350 2883 mau-

1070 2934 1222 3020 dati
1275 2949 1635 3021 actionem
1686 2945 1911 3021 habet
1960 2949 2035 3019 iu
2091 2968 2261 3038 eoS,
2317 2946 2576 3044 quibus
2629 2969 2766 3044 per
2815 2970 2900 3023 se
2943 2948 3369 3048 sepulturae
3412 2946 3732 3025 officium
3771 2951 4166 3047 injunctum
4213 2954 4349 3022 est.

1069 3086 1203 3161 Fr.
1263 3091 1353 3161 14
1407 3097 1477 3175 S.
1540 3091 1574 3162 1
1633 3086 1800 3163 eod.

2597 3360 2668 3439 s.
2719 3355 2836 3425 20.

1934 3493 2090 3588 15]
2192 3492 2298 3576 Iu,
2340 3492 2684 3568 doctrina
2734 3493 2826 3569 de
2873 3496 3106 3568 tutela
3154 3502 3232 3568 et
3276 3519 3488 3572 cura.
3519 3528 3526 3536 ·

1270 3632 1355 3704 In
1424 3634 1742 3729 negotiis
1807 3656 1854 3705 a
1919 3641 2161 3707 tutore
2210 3631 2347 3732 p'ro
2390 3633 2681 3733 pupillo
2733 3636 2967 3731 gestis
3016 3634 3223 3708 valet
3271 3645 3518 3736 negot.
3573 3634 3934 3742 gestionis
3985 3632 4348 3730 analogia.

1072 3772 1195 3848 Ab
1250 3772 1577 3847 omnibus
1628 3776 1851 3870 igitur
1905 3771 2474 3870 obligationibus
2501 3827 2522 3865 ,
2591 3798 2772 3871 quas
2823 3780 3022 3847 tutor
3073 3797 3217 3873 pro
3266 3773 3548 3875 pupillo
3599 3776 3973 3873 suscepit,
4025 3773 4350 3847 liberan-

1073 3911 1209 3986 dus
1262 3920 1398 3988 est.
1504 3921 1575 4000 S.
1630 3916 1747 3984 27.
1850 3913 2029 3986 Inst.
2098 3908 2194 3985 de
2263 3912 2410 3985 obl.
2479 3915 2685 4010 quasi
2735 3936 2836 3987 ex
2886 3922 3118 3988 contr.
3171 3916 3300 4006 (3,
3346 3916 3506 4006 28).
3579 3911 3670 3985 fr.
3723 3916 3772 3986 6
3824 3913 3916 3985 D.
3971 3910 4064 3986 de
4115 3922 4350 3986 contr.

1069 4063 1203 4128 tut.
1257 4063 1333 4130 et
1385 4065 1460 4128 ut
1511 4064 1655 4129 act.
1711 4059 1883 4147 (27,
1926 4058 2039 4145 4).
2168 4051 2437 4129 Omnes
2487 4057 2900 4152 impensae,
2958 4077 3137 4151 quas
3190 4077 3289 4129 ex
3336 4056 3649 4152 propriis
3701 4051 3798 4127 ad
3846 4053 4101 4152 pupilli
4153 4076 4353 4127 com-

1068 4192 1355 4267 modum
1417 4193 1639 4286 fecit,
1711 4197 1793 4282 ei,
1846 4190 2352 4268 restituendae
2415 4200 2605 4266 sunt.
2725 4193 2855 4267 Fr.
2908 4196 3008 4267 33
3073 4202 3144 4282 §-
3200 4198 3247 4266 2
3296 4192 3392 4266 D.
3447 4192 3542 4269 de
3595 4191 3781 4267 adm.
3835 4202 3966 4267 tut.
4021 4197 4198 4286 (26,
4241 4197 4350 4286 7).

1054 4309 1331 4408 Const.
1386 4338 1455 4406 3.
1509 4332 1702 4409 cod.
1759 4334 1855 4410 de
1906 4335 2091 4410 adm.
2149 4342 2278 4408 tut.
2331 4337 2454 4429 (5,
2496 4337 2653 4431 37).
2707 4331 2966 4410 Const.
3019 4337 3089 4408 4.
3146 4330 3337 4409 Cod.
3393 4332 3487 4410 de
3536 4338 3609 4409 in
3659 4335 3767 4409 lit.
3813 4339 3961 4434 Jur.
4017 4337 4142 4429 (5,
4187 4337 4352 4426 44).

1151 4645 1268 4719 37)
1312 4645 1616 4704 Dabelow
1660 4663 1709 4706 n.
1761 4648 2035 4711 (ἑοηειιτθ.
2117 4651 2322 4710 Editio
2364 4651 2633 4710 secunda
2673 4667 2737 4722 p.
2779 4649 2919 4708 191.
2963 4647 3108 4706 597.
