4782 6002
1752 453 2319 530 ἰη-17·-

423 649 688 749 quodsi
737 647 907 749 plus
957 669 1200 746 aequo
1247 647 1684 746 impenderit
1731 651 2195 746 negotiorum
2245 617 2547 748 gestor,
2600 657 2877 726 tantum
2927 660 3135 729 certe
3186 656 3714 733 restituendum

420 797 582 881 est,
635 794 976 886 quantum
1025 784 1498 862 considerate
1546 793 1866 885 aptaque
1917 787 2377 886 impenderit.
2479 788 2613 862 Fr.
2657 792 2728 862 9.
2780 789 2873 865 fr.
2928 794 3025 863 25
3074 792 3284 902 D3h.
3325 803 3378 867 t.
3481 793 3715 884 Quum

417 949 737 1026 prosper
786 930 1268 1024 impensarum
1318 947 1714 1001 successus
1764 948 1944 1012 casu
1995 925 2307 1022 quodam
2373 928 2710 1003 turbatus
2776 939 2854 1003 et
2912 927 3302 1030 impeditus
3369 941 3529 1022 est,
3600 943 3716 1006 ta-

415 1092 580 1143 men
630 1068 1111 1141 restituantur
1162 1073 1507 1164 oportet,
1560 1069 1627 1138 si
1667 1064 1882 1139 modo
1926 1069 2133 1139 initio
2178 1065 2649 1142 considerate
2693 1076 2772 1143 et
2808 1066 3212 1167 prudenter
3253 1069 3502 1145 factae
3548 1080 3715 1144 sunt

415 1209 812 1305 impensae.
914 1202 1047 1278 Fr.
1097 1205 1191 1275 10
1238 1212 1311 1292 §-
1354 1205 1416 1275 1.
1465 1203 1558 1277 fr.
1612 1205 1703 1275 12
1750 1212 1821 1291 s.
1876 1208 1945 1275 2.
1998 1203 2091 1277 fr.
2139 1208 2236 1276 22
2287 1205 2383 1276 D.
2437 1204 2508 1280 h.
2563 1214 2614 1278 t.
2660 1171 2766 1299 ²9)
2870 1205 2961 1282 Si
3011 1230 3198 1283 vero
3249 1212 3713 1306 negotiorum

415 1351 674 1443 gestor
722 1342 944 1443 hujus
988 1346 1327 1419 interitus
1368 1365 1597 1417 causa
1635 1341 1810 1433 fuit,
1863 1341 2137 1417 habeat
2178 1344 2361 1436 sibi,
2418 1345 2592 1419 nihil
2635 1349 2816 1420 enim
2858 1356 3032 1422 tunc
3073 1352 3504 1424 restituitur.
3577 1350 3709 1423 Fr.

414 1487 511 1555 22
564 1480 633 1555 h.
685 1489 737 1553 t.
839 1480 927 1554 In
979 1482 1272 1557 casibus
1321 1491 1563 1593 autem
1611 1503 1806 1555 nunc
1854 1482 2307 1558 nominandis
2352 1488 2425 1557 in
2481 1492 2752 1560 tantum
2803 1485 3020 1561 modo
3072 1490 3447 1587 impensae
3487 1491 3711 1562 resti-

413 1632 749 1717 tuuntur,
802 1621 1142 1722 quantum
1194 1623 1525 1699 dominus
1573 1625 2020 1724 locupletior
2069 1622 2313 1698 factus
2367 1631 2531 1699 est:

614 1767 712 1859 a)
793 1754 881 1839 Si
949 1763 1206 1863 pupilli
1274 1767 1578 1862 negotia
1643 1772 1862 1862 gesta
1914 1770 2106 1838 sunt.
2205 1760 2338 1835 Fr.
2390 1765 2440 1836 3
2492 1771 2563 1849 S.
2616 1765 2689 1835 4.
2740 1762 2832 1836 fr.
2891 1768 2941 1837 6
2989 1789 3100 1864 pr.
3153 1763 3246 1837 fr.
3297 1767 3396 1838 3⁸7
3447 1788 3557 1865 pr.
3611 1764 3705 1838 D.

411 1903 480 1975 h.
530 1909 584 1975 t.
690 1897 951 1976 Const.
1005 1906 1051 1973 2
1103 1897 1295 1976 Cod.
1348 1901 1420 1977 h.
1472 1911 1524 1975 t.
1578 1906 1710 1996 (2,
1762 1905 1917 1996 19).

608 2040 701 2136 b)
754 2038 897 2129 Qui
946 2040 1140 2114 mala
1186 2038 1334 2115 fide
1387 2040 1632 2115 aliena
1679 2042 1985 2138 negotia
2034 2045 2308 2138 gessit,
2362 2068 2568 2118 suum
2619 2052 2862 2119 autem
2915 2043 3361 2119 commodum
3400 2051 3703 2143 specta-

409 2185 564 2274 vit,
614 2180 784 2257 huic
834 2188 1142 2257 eatenus
1192 2179 1408 2256 modo
1460 2184 1831 2281 impensae
1883 2184 2404 2275 restituuntur,
2470 2190 2827 2281 quatenus
2877 2182 3322 2284 locupletior
3371 2179 3704 2257 dominus
3794 2189 3799 2194 ’

411 2321 654 2399 factus
704 2329 843 2398 est.
945 2321 1078 2395 Fr.
1130 2326 1180 2395 6
1230 2330 1301 2409 s.
1350 2324 1402 2394 3
1450 2321 1545 2394 D.
1599 2321 1774 2395 h..t.
1830 2325 1954 2415 (3,
1992 2324 2108 2416 5).
3326 2327 3333 2334 ’

527 2563 532 2567 .
605 2466 695 2558 ο]
746 2462 890 2538 Ille
941 2465 1404 2560 negotiorum
1450 2470 1707 2560 gestor
1734 2515 1754 2555 ,
1810 2466 1930 2560 qui
1983 2466 2286 2560 negotia
2335 2485 2482 2536 non
2534 2459 2961 2538 necessaria
3011 2470 3087 2535 et
3138 2483 3701 2560 supervacanea

404 2604 680 2700 gessit,
735 2624 924 2698 qnae
975 2599 1302 2675 dominus
1353 2623 1623 2699 gerere
1672 2622 1818 2674 non
1870 2611 2406 2693 consueverat,
2461 2598 2675 2676 etiam
2716 2599 3047 2675 damnum
3094 2624 3195 2677 ex
3237 2623 3417 2675 casu
3466 2599 3703 2676 fluens

407 2748 761 2841 praestat.
861 2739 993 2815 Fr.
1051 2744 1136 2814 11
1193 2743 1288 2814 D.
1341 2740 1412 2816 h.
1458 2749 1511 2815 t.

600 2882 893 2958 Usurae
942 2889 1117 2957 tunc
1155 2881 1441 2957 demum
1483 2885 1944 2978 negotiorum
1983 2885 2269 2979 gestori
2310 2881 2406 2956 ob
2449 2885 2817 2981 impensas
2858 2882 3377 2971 restituuntur,
3430 2882 3496 2952 si
3537 2882 3697 2978 ipse

406 3024 500 3099 ob
551 3023 688 3099 has
737 3027 1105 3123 impensas
1151 3026 1394 3098 usuris
1448 3030 1703 3115 caret3
1754 3047 2019 3098 usuras
2070 3028 2311 3098 autem
2358 3043 2651 3120 semper
2702 3043 2804 3099 ex
2843 3023 3326 3119 impensarum
3369 3021 3694 3093 veritate

403 3169 678 3238 tantum
727 3165 1132 3262 computari
1180 3162 1640 3238 manifestum
1694 3168 1830 3237 est.
1932 3159 2065 3235 Fr.
2127 3166 2217 3236 19
2268 3171 2339 3250 s.
2394 3165 2445 3235 4
2494 3161 2588 3235 D.
2642 3160 2710 3234 h.
2763 3169 2817 3235 t.
2875 3159 2965 3234 fr.
3009 3164 3109 3235 37
3158 3160 3253 3233 D.
3308 3158 3404 3237 de
3456 3163 3697 3235 usuris

404 3311 580 3400 (22,
621 3311 706 3400 1)
806 3304 1066 3382 Const.
1126 3310 1220 3380 18
1271 3302 1462 3381 Cod.
1517 3304 1614 3381 de
1664 3327 1832 3402 neg.
1879 3303 2252 3401 gesna,
2302 3305 2459 3395 19).

537 3468 541 3473 ·
597 3450 768 3527 Hae
829 3454 1204 3551 impensae
1255 3474 1547 3553 semper
1595 3450 1762 3527 fere
1833 3475 1880 3525 a
1931 3448 2221 3523 domino
2273 3443 2778 3520 restituendae
2829 3450 3036 3532 sunt,
3099 3439 3460 3517 interdum
3508 3463 3694 3538 quo-

403 3614 543 3691 que
594 3618 641 3668 a
686 3595 915 3669 tertio
941 3605 985 3687 ,'
1029 3595 1096 3666 si
1161 3595 1360 3669 tertii
1410 3591 1779 3684 interfuit,
1850 3597 2070 3689 gesta
2119 3610 2291 3663 esse
2341 3588 2681 3682 negotia,
2752 3582 2844 3656 fr.
2897 3586 2947 3655 6
2995 3607 3105 3682 pr.
3159 3591 3230 3669 s.
3283 3584 3353 3654 6.
3427 3579 3520 3653 fr.
3570 3582 3692 3651 46.

399 3753 510 3830 Ρι·.
558 3730 653 3803 D.
695 3729 767 3804 h.
810 3738 861 3804 t.
915 3734 1047 3825 (3,
1083 3732 1213 3825 5),
1241 3738 1346 3807 et
1386 3737 1533 3806 tum
1583 3730 1868 3807 demum
1919 3755 1966 3804 a
2013 3730 2237 3803 tertio
2287 3727 2364 3799 in
2412 3721 2810 3801 subsidium
2858 3720 3078 3795 modo
3128 3723 3502 3819 impensae
3552 3739 3693 3816 po-

398 3866 661 3944 stulari
713 3877 1018 3966 queunt,
1073 3876 1151 3946 et
1202 3877 1560 3968 quatenus
1607 3867 2052 3969 locupletior
2098 3865 2344 3940 factus
2397 3872 2536 3939 est.
2637 3861 2771 3935 Fr.
2826 3846 2923 3933 2⁷
2975 3858 3147 3936 eod.

597 4005 741 4097 Qui
791 4011 1027 4084 animo
1080 4007 1404 4084 donandi
1454 4014 1820 4110 impensas
1861 4007 2076 4103 fecit,
2131 4013 2201 4085 ei
2242 4032 2389 4084 non
2429 4010 2946 4097 restituuntur,
2997 4003 3091 4077 fr.
3125 4005 3195 4075 4.
3247 4000 3340 4074 fr.
3378 4004 3581 4089 279.
3625 4002 3687 4072 1.

396 4145 488 4220 fr.
524 4149 626 4222 44
673 4147 771 4223 D.
825 4145 897 4220 h.
949 4155 1001 4221 t.
1106 4143 1366 4223 Const.
1426 4150 1539 4221 11.
1598 4151 1712 4221 12.
1769 4148 1882 4221 15.
1957 4142 2152 4225 cod:
2209 4150 2281 4226 h.
2334 4158 2388 4224 t.
2455 4152 2694 4224 animo
2763 4142 3084 4221 donandi
3143 4149 3384 4217 autem
3445 4140 3689 4215 factas

398 4312 568 4366 esse
615 4293 985 4392 impensas
1034 4290 1463 4391 plerumque
1500 4285 1607 4382 ³⁰)
1657 4292 1733 4363 in
1780 4290 2216 4367 voluntariis
2266 4292 2612 4388 impensis
2660 4308 2807 4360 non
2847 4283 3355 4383 praesumitur.
3427 4277 3685 4357 Const.

269 4436 279 4445 ’
403 4436 495 4506 13
548 4429 742 4509 Cod.
794 4434 865 4508 h.
917 4442 969 4508 t.
1026 4431 1285 4511 Const.
1336 4437 1385 4508 3
1439 4430 1631 4508 Cod.
1689 4430 1785 4508 de
1836 4441 2072 4507 contr.
2116 4429 2279 4532 Jud.
2333 4432 2462 4524 (5,
2499 4430 2639 4521 58)
2690 4422 2950 4500 Const.
3001 4428 3037 4497 1
3095 4419 3284 4499 Cod.
3337 4421 3462 4494 ubi
3512 4443 3682 4518 pup.

395 4576 525 4669 (5,
560 4578 745 4672 49);
799 4575 1062 4653 eodem
1110 4576 1330 4653 modo
1379 4579 1753 4677 Mpensae
1805 4577 1961 4675 peti
2009 4577 2421 4672 nequeunt,
2474 4571 2539 4641 si
2575 4566 3033 4664 negotiorum
3074 4567 3370 4660 gestor,
3423 4582 3509 4634 se
3548 4580 3687 4633 ne-
3758 4637 3769 4645 ,

477 4884 596 4960 29)
640 4887 742 4946 Cr.
796 4886 1242 4946 Waechterum
1283 4889 1360 4948 de
1395 4887 1516 4949 hac
1553 4903 1622 4947 re
1661 4887 1727 4948 in
1765 4886 1959 4950 libro:
2003 4882 2196 4960 atain
2223 4885 2264 4962 f.
2297 4883 2353 4947 b.
2389 4881 2489 4944 civ.
2522 4878 2733 4954 Stratie
2773 4881 2939 4939 Tom.
2976 4879 3115 4938 XX.
3159 4881 3312 4952 part.
3337 4877 3396 4935 3.
3437 4875 3556 4937 Nu.
3581 4874 3683 4933 11.
3748 4892 3759 4904 ·

479 4990 599 5069 3⁰)
640 4994 1076 5073 Exceptionem
1114 4996 1294 5058 habet
1341 4996 1514 5056 ΤΙιίὸ.
1555 4995 1743 5069 wouh.
1785 4996 1841 5070 ς.
1885 4998 2026 5058 243.

2835 5108 2885 5178 3
