4782 6002
1018 255 1594 339 meliorationes,
1644 249 1743 327 cf.
1784 247 1873 333 C.
1916 253 2016 323 24
2056 244 2248 325 Cod.
2293 246 2388 323 de
2429 269 2600 345 neg.
2648 259 2839 346 gest.
2885 253 3014 344 (2,
3065 252 3196 342 19)
3249 245 3338 325 C.
3380 253 3431 324 3
3471 248 3665 327 Cod.
3718 249 3815 327 de
3845 254 4023 350 jure
4075 253 4306 351 empb.

1022 400 1161 488 (4,
1213 399 1375 486 66).
1478 392 1570 469 Si
1620 394 1842 488 igitur
1891 390 2218 465 nonnulli
2270 387 2663 479 dixerunt,
2717 393 3080 488 impensas
3133 410 3303 463 esse
3355 387 3598 464 factas
3649 393 3718 463 in
3774 414 3970 482 rem,
4022 414 4310 490 expeu-

1022 559 1149 609 sas
1199 541 1443 608 antem
1489 505 1801 630 propter
1852 553 2003 606 rem
2030 583 2052 622 ,
2126 528 2317 605 haec
2366 530 2740 604 sententia
2790 529 2980 601 omni
3030 524 3500 600 fundamento
3553 535 3808 621 caret,
3864 532 3940 601 iu
3987 532 4309 627 permul-

1023 677 1117 747 tis
1169 675 1358 748 enim
1397 648 1871 769 fragmentis,
1926 691 2115 767 quae
2152 667 2552 745 secundum
2593 666 2783 741 banc
2827 668 3262 740 seutentiam
3303 667 3680 763 impensae
3725 665 3872 741 dici
3915 664 4307 759 deberent,

1022 834 1446 911 expensae,
1524 808 1655 885 vel
1704 816 2027 901 sumtus,
2106 819 2184 883 et
2247 811 2420 884 vice
2483 830 2710 882 versa
2774 809 3231 880 nominantur
3299 806 3391 880 fr.
3444 808 3544 879 39
3596 816 3668 894 S.
3721 808 3853 881 ult.
3909 806 4006 882 de
4057 812 4304 883 minor.

1024 954 1153 1043 (4,
1202 952 1298 1053 4)4
1345 947 1434 1025 fr.
1490 951 1587 1051 22
1652 947 1743 1020 fr.
1795 948 1846 1018 8
1895 956 1968 1034 5.
2020 946 2149 1019 ult.
2203 968 2355 1019 rem
2408 952 2544 1018 rat.
2597 943 2764 1018 hab.
2818 947 2998 1035 (46,
3051 946 3141 1034 8)
3219 942 3313 1016 1“ι·.
3376 947 3459 1016 11
3517 942 3613 1019 (16
3663 943 3813 1043 leg.
3867 946 3966 1018 11.
4072 942 4162 1020 C.
4215 951 4311 1019 24

1024 1085 1219 1164 Cod.
1273 1085 1369 1162 de
1422 1109 1588 1184 neg.
1641 1093 1833 1184 gest.
1888 1090 2015 1178 (2,
2072 1088 2196 1182 19)
2249 1085 2339 1159 fr.
2393 1088 2495 1159 30
2541 1085 2636 1158 D.
2689 1082 2783 1158 de
2829 1106 3119 1182 procur.
3173 1086 3302 1175 (3,
3355 1086 3469 1174 3).
3571 1080 3804 1171 Quum
3853 1087 4078 1181 igitur
4135 1111 4310 1160 nus-

1027 1251 1236 1325 quam
1277 1230 1347 1298 in
1394 1224 1686 1322 legibus
1729 1223 1949 1324 hujus
1994 1224 2450 1300 diversitatis
2494 1228 2685 1298 ratio
2726 1223 2976 1298 habita
3016 1228 3150 1317 sit,
3197 1248 3470 1299 summo
3505 1229 3681 1324 jure
3723 1233 4029 1301 veteres
4072 1231 4310 1325 scrip-

1027 1377 1229 1441 tores
1282 1364 1498 1440 modo
1552 1364 1738 1456 hoc,
1791 1363 2008 1439 modo
2062 1365 2193 1438 illo
2246 1364 2616 1441 vocabulo
2662 1367 2778 1439 usi
2823 1376 3025 1456 sunt,
3079 1373 3158 1439 ut
3211 1388 3312 1441 ex
3364 1364 4103 1463 Cujacii‚'Donelli,
4151 1365 4309 1440 Fa-

1026 1508 1226 1599 beri,
1281 1508 1732 1604 aliorumque
1783 1510 2078 1605 scriptis
2126 1506 2542 1580 luculenter
2590 1505 2924 1604 adparet.
3044 1504 3430 1603 Impensae
3483 1525 3667 1602 ergo
3721 1522 3823 1580 ex
3875 1488 4140 1605 opibus
4186 1529 4310 1581 re·-

1025 1647 1306 1744 busque
1360 1648 1630 1719 nostris
1683 1634 1799 1719 ad*
1831 1652 2107 1719 certum
2155 1644 2369 1719 finem
2418 1643 2644 1736 fiunt,
2699 1642 2901 1717 nulla
2953 1646 3238 1716 ratione
3295 1643 3539 1717 habita
3569 1696 3589 1735 ,
3640 1651 3880 1717 utrum
3930 1647 4041 1719 rei
4094 1644 4310 1719 alicui

896 1794 915 1809 “
1025 1787 1350 1876 directe,
1400 1809 1495 1857 an
1543 1784 1942 1874 indirecte,
1996 1809 2091 1858 au
2139 1785 2342 1858 nullo
2395 1783 2613 1859 modo
2665 1782 3116 1859 commodum
3165 1784 3539 1857 afferatur.
3639 1783 3812 1857 Jam
3860 1808 4049 1858 vero
4100 1786 4310 1860 nobis

1026 1925 1353 1999 occurrit
1405 1924 1740 2019 quaestio
1783 1920 1981 1996 haud
2021 1921 2507 2020 negligenda,
2555 1949 2648 1997 an
2693 1925 2770 1999 id
2825 1948 3113 2023 quoque
3159 1930 3503 2027 impensis
3548 1926 4006 2001 adnumerari
4052 1938 4308 2025 queat,

1023 2066 1090 2138 si
1143 2066 1303 2161 quis
1358 2066 1603 2154 vireS,
1654 2063 2022 2155 laborem,
2088 2062 2536 2160 diligentiam
2589 2068 2662 2137 in
2713 2065 3012 2163 aliquod
3064 2070 3432 2164 negotium
3486 2065 3934 2141 contulerit?
4001 2069 4124 2140 ‘In
4174 2092 4308 2142 so-

1026 2207 1299 2281 cietate
1352 2211 1625 2278 tantum
1675 2202 2104 2279 industriam
2153 2228 2245 2280 ac
2294 2204 2622 2279 laborem
2674 2205 2804 2279 vel
2871 2228 3171 2304 operam
3239 2208 3705 2303 aequiparari
3767 2209 4124 2304 pecuniae
4189 2209 4308 2279 in-

1024 2348 1403 2435 venimus,
1477 2348 1723 2419 socius
1792 2366 1976 2441 ergo
2026 2345 2288 2443 procul
2341 2344 2563 2419 dubio
2615 2345 2942 2421 laborem
2994 2352 3070 2420 et
3121 2369 3418 2445 operam
3468 2369 3704 2442 aeque
3757 2371 3847 2421 ac
3901 2370 4130 2421 veras
4179 2351 4310 2420 im-

1024 2506 1297 2580 pensas
1348 2486 1738 2557 aestimare
1790 2491 2061 2581 potest.
2168 2482 2298 2556 Fr.
2344 2489 2416 2557 6.
2468 2482 2559 2556 fr.
2616 2485 2711 2556 29
2763 2492 2834 2569 S.
2895 2487 2955 2558 1.
3008 2482 3098 2556 fr.
3153 2485 3254 2555 80
3304 2508 3439 2582 pro
3491 2487 3696 2557 socio
3751 2488 3930 2576 (17,
3985 2489 4095 2578 2).
4222 2484 4310 2557 ld

1026 2629 1269 2695 autem
1330 2625 1674 2696 societati
1737 2626 2106 2719 proprium
2162 2632 2320 2714 est,
2397 2620 2593 2718 quod
2651 2602 3104 2717 nequaquam
3158 2621 3255 2694 ad
3307 2621 3472 2695 alia·
3495 2625 3688 2720 juris
3740 2626 4070 2696 instituta
4119 2623 4310 2697 trahi

1026 2768 1323 2859 potest,
1397 2784 1607 2856 quum
1675 2784 1965 2860 semper
2030 2761 2124 2836 de
2175 2766 2379 2837 veris
2429 2771 2699 2836 tantum
2759 2763 3101 2858 impensis
3155 2786 3254 2836 ex
3306 2762 3568 2860 opibus
3620 2763 3986 2860 rebusque
4038 2767 4310 2839 nostris

1026 2898 1243 2995 leges
1293 2899 1705 2996 loquantur.
1809 2898 2040 2976 Certe
2091 2913 2331 2977 autem
2383 2903 2727 3003 impensis
2781 2898 3394 2983 adnumerandum
3447 2911 3608 2994 est,
3662 2906 3725 2976 si
3775 2907 3884 2996 is,
3943 2909 4063 3001 qui
4113 2930 4311 2978 sum-

1026 3045 1145 3111 tus
1195 3038 1417 3130 fecit,
1471 3040 1601 3114 illo
1650 3039 1936 3137 quidem
1990 3054 2317 3144 tempore
2370 3065 2493 3118 res
2543 3067 2718 3116 suas
2770 3065 2918 3115 non
2968 3045 3261 3135 minuit,
3316 3043 3454 3117 sed
3497 3048 3786 3137 metuit,
3839 3068 3932 3119 ne
3983 3050 4056 3118 in
4099 3046 4305 3118 futu-

1025 3203 1183 3251 rum
1246 3182 1783 3273 minuerentur,
1858 3205 2041 3280 ergo
2094 3186 2156 3256 si
2221 3208 2285 3259 e.
2339 3206 2446 3280 g.·
2482 3208 2654 3258 reus
2717 3181 3188 3279 obligationis
3256 3206 3686 3268 causarem
3737 3182 4052 3258 tradidit.
4168 3182 4304 3257 Fr.

1022 3316 1299 3412 penult.
1356 3315 1451 3390 de
1504 3316 1659 3393 her.
1713 3329 1860 3419 pet.
1916 3325 2046 3412 (5,
2098 3325 2201 3421 3),
2240 3321 2331 3395 fr.
2383 3326 2505 3396 5⁷.
2557 3323 2651 3396 D.
2705 3321 2802 3398 de
2852 3326 2961 3397 rei
3010 3323 3210 3398 vind.
3265 3329 3387 3418 (6,
3445 3328 3544 3416 1).

2563 3614 2634 3692 5.
2694 3610 2762 3678 2.

1222 3734 1485 3811 Verba
1529 3739 1931 3839 „locuples
1950 3746 2034 3833 “,
2090 3742 2726 3833 „detrimentum“
2779 3745 2852 3814 in
2901 3743 3262 3842 principio
3310 3745 3440 3818 illo
3493 3754 3563 3832 5.
3616 3749 3650 3817 1
3711 3743 4057 3835 laudato,
4112 3741 4305 3840 quod

1022 3876 1097 3947 in
1148 3881 1307 3947 tota
1357 3873 1452 3949 de
1503 3879 1849 3977 impensis
1902 3880 2238 3956 doctrina
2302 3884 2431 3958 vel
2498 3886 2807 3958 maxime
2875 3890 3223 3959 servatur
3250 3940 3269 3978 ,
3355 3883 3454 3959 ad
3523 3910 3710 3961 vera
3776 3895 4045 3958 tantum
4109 3883 4304 3957 bona

1024 4010 1217 4085 trahi
1282 4023 1633 4112 possunt,
1711 4040 1938 4114 quare
1998 4023 2368 4118 impensae
2429 4024 2988 4124 voluptuariae,
3067 4051 3219 4102 rem
3270 4027 3722 4102 solummodo
3775 4033 4158 4116 ornanteS,
4233 4028 4308 4096 iu

1022 4150 1511 4248 impensarum
1560 4158 2022 4232 restitutione
2068 4182 2356 4260 semper
2401 4162 2911 4241 excluduntur.
3015 4167 3395 4266 Impensas
3437 4189 3659 4264 ergo,
3714 4189 3894 4263 quas
3938 4166 4127 4239 alius
4166 4187 4301 4262 pro

1022 4288 1235 4362 nobis
1284 4288 1508 4383 fecit,
1563 4314 1655 4366 eo
1708 4298 2178 4393 postulante,
2243 4304 2636 4379 restituere
2693 4302 3082 4395 debemus,
3162 4314 3288 4380 aut
3349 4308 3503 4406 pati
3571 4302 3975 4398 interdum,
4047 4311 4123 4375 ut
4171 4300 4300 4374 ille

1023 4435 1297 4500 sumtus
1350 4427 1713 4506 detrabat.
1839 4433 1971 4509 Fr.
2026 4439 2171 4511 206
2221 4437 2315 4513 (16
2367 4440 2459 4515 R.
2499 4441 2590 4526 J.
2661 4441 2754 4515 fr.
2815 4446 2907 4515 14
2953 4442 3049 4517 de
3100 4442 3315 4518 cond.
3368 4442 3609 4519 iudeb.
3663 4448 3842 4537 (12,
3895 4447 3985 4535 6)
4063 4438 4152 4513 fr.
4204 4439 4304 4511 38

1025 4558 1121 4634 (16
1175 4561 1331 4639 Ιι6ι·.
1384 4577 1534 4664 pet.
1588 4573 1713 4663 (ὅ,
1765 4575 1880 4664 3).
1998 4574 2143 4650 Hic
2197 4600 2532 4672 quoque,
2601 4588 2681 4655 ut
2732 4588 2807 4655 et
2860 4581 3046 4653 alias
3097 4582 3336 4657 bonae
3387 4579 3558 4658 fidei
3608 4583 4025 4678 possessori
4077 4578 4302 4653 multo
