4782 6002
714 648 863 728 und
910 644 1314 747 ungetheilt
1362 644 1842 741 beschieden]
1891 689 1991 711 -
2038 645 2169 738 iis,
2252 646 2372 742 qui
2440 642 2514 717 in
2585 642 2826 720 solida
2885 666 2969 720 re
3035 649 3286 723 vocati
3338 656 3541 746 sunt,
3621 663 3947 734 remanet
3995 681 4118 739 res

714 794 914 893 ipsa,
965 791 1030 863 si
1096 812 1281 863 unus
1327 786 1455 861 vel
1500 786 1682 859 alter
1731 781 1977 859 deficit
2032 829 2132 849 --
2188 784 2355 860 sine
2409 783 2800 860 oneribus:
2850 784 3115 861 nullam
3164 792 3597 867 mentionem
3641 793 3818 873 feeit
3851 798 4115 878 codex

715 930 967 1007 verbis
1022 932 1560 1027 conjunctorum
1590 975 1612 1016 ,

911 1067 1000 1163 3>
1048 1088 1272 1139 onera
1318 1066 1394 1137 in
1444 1084 1604 1138 eum
1654 1069 2060 1157 transeunt,
2113 1067 2323 1161 cujus
2371 1068 2488 1138 est
2523 1065 2656 1162 jus
2699 1059 3222 1162 accrescendi,
3275 1067 3415 1145 sed
3466 1069 3703 1147 solum
3751 1095 3848 1151 ea
3895 1099 4111 1178 prae-

714 1206 973 1285 standa
1019 1211 1216 1297 sunt,
1271 1226 1453 1301 quae
1501 1225 1601 1278 ex
1648 1206 1986 1303 portione
2023 1205 2218 1301 juris
2264 1202 2735 1279 accrescendi
2786 1205 2988 1281 solvi
3036 1216 3344 1308 possunt
3367 1263 3389 1304 ,
3822 1261 3838 1280 .

913 1346 998 1439 4)
1050 1348 1113 1418 si
1162 1351 1470 1420 testator
1524 1347 1654 1442 jus
1716 1341 2185 1418 accrescendi
2252 1342 2642 1442 prohibere
2705 1345 2908 1440 vult,
2993 1354 3166 1423 tunc
3229 1348 3542 1426 heredes
3605 1350 3698 1427 ab
3769 1355 4116 1433 intoetato

716 1508 864 1563 rem
912 1484 1305 1577 habebunt3
1379 1510 1537 1558 nam
1586 1492 2044 1585 praeceptum
2099 1486 2289 1584 Juris
2337 1484 2641 1558 Romani
2679 1489 3109 1578 ‘„neminem
3159 1511 3293 1588 pro
3343 1498 3551 1591 parte
3593 1485 3930 1571 'tantm
3976 1519 4116 1596 pro

717 1634 922 1730 parte
967 1624 1371 1702 intestatum
1424 1624 1839 1701 decedere“
1889 1627 1963 1700 in
2004 1630 2176 1725 jure
2227 1625 2630 1732 Borussico
2675 1648 2829 1703 non
2876 1629 3103 1713 valet.
3151 1635 3220 1727 1)

919 1766 1192 1846 Codex
1225 1769 1662 1842 Austriaeus
1710 1770 1811 1841 ita
1858 1787 2005 1841 rem
2054 1763 2416 1840 decernit:
3115 1761 3122 1770 ’
3435 1860 3444 1870 ·

918 1907 1005 2002 1)
1058 1906 1441 1983 heredibus
1491 1931 1572 1982 re
1622 1917 1695 1983 et
1758 1907 2007 1982 verbis
2067 1908 2486 2004 conjunctis
2536 1910 2666 2006 Jus
2732 1915 2846 1983 est
2906 1908 3420 2006 accrescendi,
3495 1920 3570 1988 et
3633 1916 3812 2016 ipsis
3881 1939 4115 1995 exae-

720 2057 1018 2150 quantur
1064 2048 1372 2125 heredes
1393 2104 1415 2143 ,
1467 2052 1582 2148 qui
1632 2053 1882 2145 aequis
1930 2047 2250 2148 partibus
2315 2048 2615 2120 instituti
2677 2054 2866 2132 sunt.
2967 2050 3277 2147 Aequae
3334 2059 3576 2127 autem
3647 2063 3889 2153 partes
3951 2065 4115 2133 sunt

719 2197 964 2265 certae
1017 2188 1451 2286 eaedemque
1499 2196 1742 2289 partes
1792 2187 2116 2291 ejusdem
2168 2187 2622 2286 quantitatis,
2668 2209 2859 2284 quae
2890 2190 2989 2261 ita
3041 2194 3113 2263 in
3175 2189 3437 2266 codice
3476 2192 3716 2292 Regni
3752 2193 4113 2270 Gallieiae

719 2328 1033 2424 relatae,
1084 2328 1221 2403 sed
1267 2327 1382 2402 his
1432 2330 1805 2427 expressis
1853 2326 2104 2403 verbis
2172 2329 2240 2401 in
2307 2322 2575 2401 codiee
2624 2326 3018 2403 Austriaco
3070 2349 3215 2404 non
3265 2339 3607 2430 receptae
3655 2340 3841 2407 sunt.

919 2468 1010 2546 Si
1057 2490 1244 2545 vero
1294 2467 1601 2567 singulis
1650 2473 1983 2568 separata
2031 2474 2108 2542 et
2157 2464 2497 2540 distincta
2561 2490 2733 2565 pers
2782 2466 2956 2542 data
3017 2477 3132 2546 est
3156 2523 3179 2564 ‚
3243 2477 3324 2544 et
3368 2469 3680 2548 heredes
3727 2494 3877 2548 nou
3926 2493 4113 2549 con-

711 2612 947 2711 juncti
995 2618 1203 2705 sunt,
1252 2613 1652 2710 portionem
1697 2614 2076 2683 vacantem
2122 2627 2408 2706 semper
2455 2604 2769 2682 heredes
2818 2608 2908 2682 ab
2957 2612 3301 2684 intestato
3352 2613 3740 2714 accipiunt.

915 2754 1003 2846 2)
1034 2749 1177 2826 Jus
1225 2748 1692 2827 accrescendi
1745 2757 1858 2824 est
1905 2750 2023 2854 jus
2070 2746 2594 2841 voluntarium,
2647 2747 2841 2846 quod
2890 2751 2952 2823 si
2994 2747 3209 2825 heres
3243 2773 3333 2826 eo
3384 2754 3486 2826 uti
3535 2772 3679 2827 non
3729 2750 3926 2845 vult,
3973 2748 4111 2827 he-

713 2889 876 2967 redi
929 2891 1018 2965 ab
1068 2893 1403 2967 intestato
1452 2889 1719 2967 arridet
1739 2944 1761 2985 ,
1812 2896 1891 2964 ut
1936 2889 2486 2965 meuvrnn
2531 2895 2734 2964 recte
2781 2888 3027 2973 docet.
3125 2891 3373 2967 Aliter
3419 2892 3703 2967 Numer.
3754 2915 3904 2968 rem
3972 2889 4114 2968 de-

721 3039 949 3115 cernit
1000 3059 1097 3111 ex
1145 3036 1307 3140 jure
1355 3035 1683 3110 Romano
1734 3039 2216 3132 argumentum
2265 3030 2746 3133 depromens,
2812 3030 2951 3107 sed
2999 3053 3357 3132 perverse
3408 3032 3556 3109 hoc
3605 3036 3886 3139 statuit,
3949 3034 4117 3131 quie

714 3178 910 3280 apud
955 3178 1323 3252 Romanos
1368 3173 1620 3269 heres,
1669 3175 1790 3271 qui
1828 3178 1997 3273 jure
2045 3169 2516 3249 accrescendi
2566 3170 2874 3269 gaudet,
2947 3169 3038 3246 ab
3108 3173 3394 3270 origine
3455 3194 3605 3248 rem
3673 3173 4113 3247 necessitate
4193 3151 4211 3162 ⁶

719 3319 901 3424 juris
951 3319 1256 3416 acquirit
1300 3323 1377 3391 et
1423 3317 1707 3390 retinet.

914 3457 1002 3554 3)
1056 3459 1298 3535 Onera
1344 3480 1627 3557 semper
1675 3454 1782 3530 illi
1841 3452 2288 3548 incumbunt,
2355 3455 2475 3549 qui
2537 3452 2658 3556 jun
2705 3450 2921 3528 habet
2967 3449 3438 3528 accrescendi
3501 3450 3636 3527 vel
3684 3451 3805 3548 qui
3853 3448 3946 3525 ab
3992 3444 4110 3524 in'·

722 3606 986 3678 testato
1037 3621 1186 3673 rem
1238 3600 1450 3696 capit.
1481 3601 1553 3690 ²)

918 3743 1004 3837 4)
1051 3741 1137 3815 In
1186 3737 1556 3835 legatariis
1605 3731 1855 3809 eadem
1917 3732 2258 3810 obtinent.
2352 3732 2470 3808 Re
2515 3737 2597 3807 et
2656 3728 2906 3806 verbis
2955 3730 3120 3832 conj
3128 3729 3362 3804 unctis
3409 3732 3485 3803 et
3532 3728 3644 3819 iis,
3697 3728 3818 3825 qui
3857 3727 4112 3804 verbis

724 3884 1093 3981 conjuncti
1141 3882 1214 3955 in
1265 3900 1533 3976 aequas
1581 3882 1826 3975 partes
1875 3876 2127 3948 vocati
2168 3878 2360 3968 sunt,
2401 3874 2533 3970 jus
2581 3867 3056 3949 accrescendi
3108 3866 3344 3944 (latum
3393 3875 3530 3962 est,
3581 3869 3659 3943 iu
3705 3866 3872 3944 aliis
3924 3890 4111 3945 cou-

722 4019 1107 4097 ditionibus
1156 4018 1466 4118 legatum
1514 4012 1766 4127 heredi
1814 4019 2153 4094 remanet.
2823 4020 2828 4023 ’

702 4248 709 4255 .
884 4161 1013 4237 Ex
1049 4158 1163 4234 his
1198 4161 1377 4233 satis
1409 4164 1706 4257 apparet
1735 4156 1853 4259 jus
1875 4153 2270 4227 Romanum
2302 4148 2847 4250 legislatoribus
2878 4156 3285 4226 nostrornm
3313 4156 3705 4247 temporum
3743 4166 3894 4220 nou
3935 4145 4114 4219 satis

720 4298 948 4377 fuisse
996 4304 1359 4401 cognitum
1379 4353 1402 4393 ,
1452 4320 1663 4397 quum
1707 4317 1943 4405 neque
1973 4293 2282 4393 Digesta
2325 4312 2564 4391 neque
2597 4288 2955 4368 codicem
3001 4286 3408 4366 luculenter
3449 4285 3901 4388 interpretati
3944 4285 4110 4360 sint.

880 4523 963 4598 ι)
1004 4533 1155 4598 part.
1193 4532 1242 4587 1.
1284 4530 1375 4587 ut.
1420 4526 1536 4586 η.
1580 4521 1642 4597 ς.
1688 4517 2099 4583 aex—28⁷.
2140 4517 2206 4593 ο.
2251 4512 2678 4579 aee-3⁷2.

877 4629 958 4701 a>
997 4624 1105 4701 ος.
1145 4622 1558 4690 εσυ-563.
1601 4619 1674 4705 ς.
1707 4623 1859 4687 oss.
