4782 6002
3818 609 3944 688 11

725 811 814 888 In
863 808 1129 887 codice
1199 809 1367 909 ipso
1430 804 1990 883 constiurtienes
2065 802 2382 904 priorum
2423 804 2945 903 imperatorum
3019 825 3167 881 non
3241 810 3381 879 tam
3467 805 3953 905 intelligenter

528 958 605 1032 et
636 951 1031 1068 perspicue
1074 950 1490 1050 excerpsit,
1543 967 1749 1045 quam
1794 951 1969 1022 ante
2013 944 2243 1045 ipsum
2302 940 2806 1018 Theodosius.-
2867 942 3110 1020 edicta
3160 951 3238 1020 et
3301 949 3659 1047 rescripta
3703 971 3954 1049 parum

526 1093 856 1170 sollicite
903 1088 1238 1167 confudit
1284 1096 1362 1166 et
1420 1087 1877 1189 permiscuit,
1939 1089 2091 1181 ita,
2166 1091 2247 1160 ut
2295 1091 2552 1159 nosne
2624 1105 2912 1184 quoque
2988 1092 3320 1189 tempore
3383 1091 3743 1189 rescripta
3801 1089 3952 1165 alio

528 1231 755 1311 nodo
806 1231 1258 1332 interpretari
1306 1203 1747 1324 debeamus,
1797 1203 2004 1327 quarn
2048 1225 2321 1304 edicta-

726 1400 1167 1476 Histoi-icam
1214 1402 1439 1472 artem
1479 1393 1813 1493 neglexit
1850 1413 2402 1492 usquequaque,
2439 1394 2820 1495 perspexit
2865 1415 3105 1493 neque
3144 1398 3277 1495 jus
3325 1397 3764 1495 praetorium
3813 1418 3952 1475 ne-

530 1563 674 1642 que
710 1543 841 1641 jus
892 1545 1303 1616 anctorum:
1352 1536 1567 1635 leges
1614 1537 1941 1633 antiquas
1962 1588 1987 1630 ,
2036 1534 2444 1610 sententias
2480 1531 2916 1634 judiciorum
2938 1588 2960 1629 ‚
3030 1535 3417 1635 opiniones
3467 1537 3954 1635 singulorum,

428 1749 439 1758 .
532 1701 773 1756 mores
818 1677 1075 1780 populi
1120 1680 1315 1754 inter
1359 1699 1445 1753 se
1512 1677 1837 1772 miscuit,
1925 1697 2114 1775 quae
2184 1683 2333 1750 tum
2383 1700 2431 1751 a
2479 1673 3033 1751 Glossateribns
3097 1674 3266 1753 luce
3327 1674 3676 1752 historica
3742 1678 3952 1753 etiam

530 1818 1021 1919 indigentibus
1066 1825 1215 1894 tum
1262 1843 1311 1894 a
1365 1815 1683 1917 Guiacio
1736 1825 1811 1894 et
1856 1841 1906 1893 a
1957 1817 2190 1892 nostri
2238 1818 2584 1916 temporis
2653 1814 2896 1891 doctis
2961 1817 3447 1914 antiquitatum
3511 1819 3759 1916 gnaris
3810 1838 3953 1893 ex-

530 1957 805 2063 plicata
853 1959 969 2035 his
1014 1963 1365 2060 majorem
1412 1957 1703 2035 laudem
1750 1964 2236 2061 pepererunt,
2284 1979 2499 2056 quam
2547 1949 2995 2034 Justim‘mo
3045 1959 3210 2059 ipsi.
3299 2061 3312 2066 ἢ

732 2147 908 2227 Hoc
955 2173 1103 2226 uno
1152 2149 1422 2226 solatio
1473 2150 1975 2249 acquiescere,
1995 2155 2241 2250 potest
2286 2146 2731 2249 Imperator,
2783 2169 2869 2223 se
2917 2148 3452 2224 instrumentum
3500 2148 3726 2226 fuisse
3772 2171 3952 2251 pro-

536 2290 912 2369 videntiae
948 2345 971 2388 ,
1042 2314 1183 2391 quo
1234 2289 1563 2366 Romana
1610 2291 1685 2365 in
1723 2293 1896 2390 jure
1945 2292 2131 2365 ratio
2184 2287 2347 2363 orbi
2417 2295 2765 2364 terrarum
2814 2289 2891 2363 in
2940 2295 3305 2364 aeternum
3354 2297 3793 2368 conservata
3838 2293 3950 2366 sit.

539 2432 715 2509 Non
765 2438 879 2507 est
930 2429 1150 2508 dulce
1198 2453 1458 2507 nomen
1509 2474 1609 2490 —
1660 2432 2007 2505 nominari
2056 2425 2659 2505 Justinianistam.
2709 2470 2812 2488 —

736 2596 923 2672 Post
969 2594 1296 2673 scholam
1337 2595 1853 2672 Glossatorum
1900 2603 1973 2672 et
2012 2593 2500 2672 scribentium
2550 2616 2726 2669 mox
2774 2597 2852 2671 in
2879 2594 3102 2670 Italia
3143 2595 3423 2670 exstitit
3471 2593 3733 2669 schola
3771 2598 3953 2672 novi

530 2739 719 2840 juris
765 2739 838 2811 in
889 2759 972 2813 re
1023 2735 1411 2830 criminali,
1481 2757 1924 2837 processus,
1991 2741 2065 2809 et
2115 2732 2881 2833 germanico-feudali.
3002 2734 3455 2812 Canonicum
3522 2742 3599 2809 et
3650 2732 3958 2810 Germa-

537 2880 773 2954 nicum
813 2880 983 2978 jus,
1055 2897 1296 2951 mores
1347 2874 1714 2951 ecclesiae
1781 2882 1858 2951 et
1923 2874 2352 2976 populorum
2419 2880 2765 2949 terrarum
2829 2872 3075 2949 orbem
3140 2877 3523 2950 tenentium
3589 2897 3750 2951 cum
3798 2873 3962 2951 Ro-'

536 3041 746 3095 mano
787 3022 960 3119 jure
1013 3019 1217 3117 quasi
1267 3020 1491 3092 mixta
1541 3025 1778 3093 erant:
1829 3016 2063 3092 altera
2110 3040 2282 3119 pars
2333 3014 2653 3092 moribus
2685 3054 2694 3061 ·
2722 3022 2795 3091 et
2858 3014 3095 3091 literis
3143 3014 3489 3090 Romanis
3536 3016 3960 3112 insistebat,

536 3158 768 3235 altera
814 3161 1111 3256 ingenio
1162 3156 1623 3234 Germanico.
1725 3157 1807 3233 N
1810 3181 1899 3233 ec
1946 3161 2178 3235 minus
2226 3161 2479 3235 valent
2539 3164 2802 3258 postea
2869 3180 3095 3259 opera
3157 3157 3488 3256 gloriosa
3534 3158 3962 3253 Moratum,

536 3300 804 3393 ΖΑειι,
858 3297 1323 3392 (ῙΑιιΡΖοὴι,
1376 3322 1589 3397 quam
1636 3297 2233 3374 excellentissimi
2286 3299 2452 3374 libri
2494 3297 2843 3393 Concu,
2892 3299 3244 3374 Domuum
3294 3307 3369 3374 et
3402 3298 3728 3376 aliorum.
3780 3301 3964 3380 Cum

532 3442 662 3540 jus
710 3437 809 3514 de
859 3432 1119 3514 ordine
1167 3461 1563 3539 processus
1612 3448 1687 3525 et
1736 3462 2129 3540 poenarum
2177 3446 2433 3516 nostro
2474 3441 2625 3538 juri
2674 3438 2971 3539 publico
3047 3462 3251 3537 quam
3319 3443 3630 3517 maxime
3677 3440 3965 3518 adnex-

542 3604 658 3655 um
706 3581 840 3675 sit,
904 3580 1232 3655 minimae
1280 3579 1516 3657 solum
1566 3577 2030 3659 definitiones
2080 3602 2182 3655 ex
2223 3584 2395 3680 jure
2424 3577 2757 3654 Romam
2808 3578 3249 3681 repetendae
3279 3589 3486 3676 suu,
3546 3586 3680 3682 jus
3727 3589 3964 3658 autent

542 3718 1021 3821 processuale
1070 3726 1146 3795 et
1181 3720 1549 3796 criminale
1585 3742 1685 3795 ex
1719 3722 2134 3817 germanica
2164 3718 2469 3797 historia
2519 3723 2869 3819 originem
2908 3720 3150 3818 ducit,
3203 3722 3399 3822 quod
3447 3746 3639 3800 nunc
3688 3726 3787 3798 ita
3821 3744 3967 3799 ex-

542 3857 851 3958 plicatur
884 3913 907 3954 ,
995 3866 1073 3935 ut
1158 3857 1597 3935 Schmms
1679 3857 1950 3945 doceat
1978 3915 2002 3954 ,
2091 3863 2165 3936 in
2250 3884 2334 3937 re
2415 3862 2876 3963 processuali
2937 3870 3012 3940 et
3075 3865 3422 3941 criminali
3486 3865 3697 3963 leges
3791 3886 3969 3941 esse

538 4021 780 4074 novas
832 3998 1388 4097 concedendas,
1441 4001 1645 4078 nullo
1695 4024 1882 4078 vero
1934 4000 2156 4079 modo
2207 4005 2278 4078 in
2325 4001 2505 4101 lege
2555 4006 2867 4107 privata.
2971 4005 3376 4082 Discrimen
3436 4007 3576 4081 vix
3644 4005 3968 4082 toleran-

542 4136 736 4239 dum,
786 4160 947 4212 cum
993 4144 1117 4239 Jus
1162 4145 1528 4241 privatum
1579 4145 1669 4217 iis
1719 4143 1938 4219 rebus
1987 4146 2349 4245 exceptis,
2405 4165 2588 4243 quae
2626 4147 2801 4245 jure
2847 4146 3151 4220 omnium
3189 4147 3503 4245 gentium
3545 4148 3984 4241 consistunt,

550 4274 1003 4378 applicandis
1051 4286 1314 4356 tantum
1353 4281 1641 4384 J'uribus
1689 4283 1910 4360 litium
1960 4292 2036 4361 et
2080 4283 2535 4387 procedendi
2585 4289 2791 4385 quasi
2839 4291 3126 4363 nitatur.
4027 4270 4038 4281 ’

745 4464 932 4544 Cum
1006 4466 1470 4570 philosophia
1535 4472 1795 4548 seculo
1862 4473 2463 4553 duodevicesimo
2529 4498 2778 4554 novos
2855 4479 3173 4552 tramites
3256 4479 3607 4577 aperiret,
3681 4487 3761 4555 et
3846 4478 3962 4556 di-

546 4611 733 4689 vino
775 4608 993 4686 velut
1026 4612 1310 4685 numine
1362 4610 1434 4686 in
1482 4636 1692 4686 unum
1744 4619 2057 4690 omnium
2109 4614 2648 4720 disciplinarum
2693 4618 3060 4719 imperium
3110 4614 3592 4694 eveheretur:
3648 4622 3781 4719 jus
3847 4622 3980 4723 ip*

550 4774 705 4825 snm
755 4771 853 4825 ex
906 4749 1370 4851 generalibus
1420 4749 1837 4851 quibusdam
1889 4756 2337 4852 notionibus,
2407 4736 2605 4856 quod
2652 4754 2748 4832 ad
2813 4754 3170 4833 elementa
3219 4761 3514 4854 attinet,
3584 4762 3788 4858 quasi
3831 4780 3974 4835 ca·-

549 4890 883 4991 piabatur
957 4901 1033 4971 et
1096 4892 1601 4972 excolebatur.
1702 4893 1950 4993 Atque
2017 4896 2166 4974 hoc
2212 4905 2433 4998 pacto
2483 4899 2557 4974 in
2621 4896 3134 5000 rempublicam
3183 4899 3760 4978 administrantes
3830 4923 3975 4980 no-

2990 5027 3040 5099 2
3069 5023 3125 5079 :tr
