4782 6002
2096 720 2189 794 13

690 919 1064 1015 Insignibus
1118 921 1359 995 Leonis
1412 922 1767 1016 Zaringiae
1835 925 2247 1018 equestribus
2313 883 2782 1014 condecoravit
2849 927 3146 1056 collegas
3213 874 3480 1004 nostros
3549 941 3781 1020 aestu-5

490 1061 884 1133 matissimos
937 1057 1293 1130 BUNSEN
1309 1112 1335 1149 .,
1402 1060 2099 1152 HUNDESHAGEN‚
2170 1063 2448 1154 MOHL,
2516 1063 2855 1156 LANGE,
2909 1064 3364 1156 BAUSSER,
3437 1071 3582 1142 viro
3624 1070 3781 1160 jure

490 1197 967 1280 consultissimo
1020 1195 1141 1270 DE
1186 1196 1738 1282 ,VANGEROW
1792 1202 2064 1294 insignia
2117 1200 2452 1276 secundae
2503 1200 2736 1292 classis
2786 1187 2973 1276 illius⁴
3009 1203 3258 1278 ordinis
3313 1203 3546 1278 tribuit.

690 1438 947 1511 Pariter
999 1437 1304 1511 Rectoris
1360 1443 1565 1511 nostri
1625 1438 2247 1534 magnificentissimi
2319 1445 2534 1534 gratia
2600 1444 3004 1514 universitati
3075 1453 3342 1514 nostrae
3389 1443 3540 1516 boc
3603 1465 3776 1517 anno

488 1573 908 1671 professores
979 1577 1483 1649 extraordinarii
1554 1576 1862 1673 adscripti
1928 1587 2117 1666 sunt,
2200 1545 2412 1649 ordini
2481 1580 3078 1670 jureconsultorum
3149 1580 3444 1654 JULlUS
3496 1551 3782 1673 JOLLY,

487 1712 698 1785 ordini
771 1713 1173 1786 medicorum
1247 1713 1715 1786 ADOLPHUS
1776 1713 2293 1804 KUSSMAUL,
2370 1736 2494 1786 nec
2562 1738 2696 1788 non
2764 1717 3296 1813 philosophorum
3368 1720 3578 1791 ordini
3649 1723 3778 1793 viri

486 1849 837 1924 doctissimi
890 1849 1433 1923 THEODORUS
1487 1850 2117 1941 SCHLIEPHAKE,
2172 1851 2654 1926 GUSTAVUS
2689 1852 3175 1930 LEONHARD
3209 1865 3276 1927 et
3301 1855 3775 1930 AUGUSTUS

484 1987 1018 2061 FRJDERJCUS
1063 1959 1699 2062 BORNTRKGER.

687 2160 1003 2236 Privatim
1058 2160 1337 2234 docendi
1390 2160 1669 2252 famulas
1724 2162 1871 2236 data
1927 2172 2027 2238 est
2078 2162 2480 2254 doctoribus,
2533 2168 2602 2238 in
2631 2162 2886 2254 ,ordine
2927 2165 3529 2257 jureconsultorum
3581 2166 3776 2240 FRI-

482 2297 813 2371 DERICO
866 2297 1245 2388 VERING,
1317 2303 1383 2372 in
1455 2299 1683 2374 ordine
1753 2298 2154 2374 medicorum
2210 2300 2653 2390 GUILELMO
2711 2301 3094 2392 WUNDT,
3166 2315 3298 2376 tum
3352 2307 3420 2376 in
3471 2304 3776 2402 philoso-

482 2435 754 2532 phorum
810 2436 1045 2508 ordine
1098 2436 1490 2509 GEORGlO
1543 2436 1665 2508 DE
1717 2435 2022 2526 HOLLE,
2076 2436 2373 2514 EMILIO
2427 2438 3032 2514 ERLENMEYER
3083 2451 3151 2513 et
3181 2440 3511 2514 JOANNI
3547 2439 3776 2514 HEN-

482 2571 688 2644 RICO
741 2572 1259 2647 MEIDINGER.

688 2710 757 2784 A
834 2709 1024 2785 nobis
1101 2711 1546 2786 discesserunt
1624 2712 1976 2802 doctores,
2062 2735 2152 2783 ex
2240 2712 2474 2786 ordine
2531 2713 3138 2803 jureconsultorum
3213 2714 3774 2788 HERMANNUS

481 2847 838 2922 FITTING
907 2849 988 2920 ad
1060 2851 1534 2946 capessendum
1605 2873 1838 2924 munus
1903 2848 2300 2946 professor'm
2353 2849 2857 2938 extraordinarii
2908 2850 3234 2928 Basueam
3293 2862 3608 2943 vocatus,
3682 2876 3776 2926 ex

484 2986 711 3062 ordine
764 2987 1306 3085 philosophorum
1358 2986 2021 3063 MAXIMlLIANUS
2071 2986 2314 3061 NELL.

683 3124 1078 3198 Auditorum
1130 3135 1505 3219 nostrorum
1562 3147 1876 3200 numerus
1930 3126 2436 3201 commilitonum
2490 3149 2613 3222 per
2667 3126 2796 3201 duo
2850 3130 3211 3201 novissima
3263 3134 3605 3205 semestris
3652 3155 3774 3205 re-

483 3272 823 3359 ceptorum
870 3284 1147 3337 numero
1199 3263 1347 3341 fere
1400 3287 1523 3362 par
1575 3267 1839 3351 exstitit.
1947 3264 2141 3341 Omni
2198 3286 2364 3340 vero
2415 3263 2609 3341 laude
2664 3264 2862 3359 digna
2914 3277 3014 3341 est
3066 3267 3493 3362 tranquillitas
3546 3277 3612 3339 et
3662 3269 3775 3340 le-

479 3423 636 3495 gum
691 3401 1116 3476 observantia
1171 3405 1416 3493 civium
1468 3402 1992 3477 academicorum
2011 3456 2031 3495 ,
2087 3424 2211 3496 qua
2268 3407 2559 3477 muneris
2609 3406 2817 3479 nostri
2870 3425 3069 3479 curae
3121 3403 3388 3477 multum
3437 3404 3778 3499 bucusque

477 3538 669 3613 nobis
720 3541 986 3614 levatae
1037 3552 1205 3614 sunt.
1313 3539 1548 3637 Neque
1602 3540 1864 3633 dubito,
1937 3544 2089 3638 quin
2154 3545 2223 3615 in
2272 3541 2382 3617 illa
2438 3544 2678 3638 optima
2732 3544 2844 3617 via
2899 3541 2982 3614 ad
3033 3545 3326 3637 ipsorum
3377 3541 3678 3639 salutem„
3705 3551 3776 3616 et

476 3682 925 3753 universitatis
979 3688 1248 3752 nostrae
1301 3679 1719 3775 splendorem
1773 3689 2243 3777 permaneant;
2284 3723 2390 3789 ·—-
2449 3681 2626 3777 quod
2677 3691 2744 3753 ut
2793 3685 2882 3755 ita
2933 3686 3057 3770 sit,
3129 3702 3220 3751 ex
3283 3683 3534 3755 intimo.
3574 3684 3771 3755 animi

476 3836 680 3890 sensu
735 3827 892 3912 opto
946 3838 1363 3912 precorque.¹

656 3928 1089 4049 'Temperare
1142 3955 1295 4045 mihi
1350 3979 1482 4033 non
1536 3979 1844 4053 possum,
1916 3961 2262 4052 quominus
2331 3959 2740 4052 paucissimis
2814 3955 3039 4033 verbis
3109 3956 3322 4031 adhuc
3371 3959 3770 4031 mentionem

477 4091 716 4167 faciam
770 4096 915 4188 piae
969 4116 1234 4185 causae,
1287 4117 1328 4165 a
1381 4094 1781 4171 nobilissima
1835 4095 2107 4169 muliere
2162 4094 2432 4177 EMMA
2483 4094 3038 4171 OBERMAYER
3087 4093 3434 4184 fundatae,
3499 4117 3589 4167 ex
3642 4118 3769 4189 qua

491 4227 573 4300 ad
625 4229 1220 4307 concelebrandum
1275 4232 1449 4307 diem
1501 4254 1874 4329 supremum
1927 4233 2038 4305 filii
2065 4230 2430 4325 EDWlNI,
2472 4234 2744 4325 juvenis
2798 4235 3094 4327 optimae·
3135 4235 3300 4327 spei,
3352 4235 3554 4305 nostri
3612 4231 3772 4346 olim

483 4366 979 4458 commilitonis,
1034 4390 1229 4464 quem
1281 4373 1623 4442 immatura
1673 4392 1855 4443 mors
1910 4369 2225 4465 abripuit,
2305 4372 2649 4464 quotannis
2702 4368 3095 4464 stipendium
3147 4367 3767 4462 quadringentorum

482 4503 877 4577 florenorum
954 4510 1063 4579 uni
1135 4531 1228 4579 ex
1290 4506 1545 4581 civibus
1617 4507 2050 4596 academicis,
2139 4507 2352 4580 ordini
2415 4507 3014 4601 jureconsultorum
3090 4514 3319 4580 nostro
3397 4505 3765 4602 adscriptis,

479 4641 797 4717 tribuitur.
3775 4732 3782 4749 Ι

680 4777 915 4875 Neque
966 4781 1227 4855 silentio
1284 4781 1547 4857 tandem
1597 4786 2106 4877 praetermittam
2162 4783 2401 4856 donum
2455 4787 2955 4879 quingentorum
3005 4781 3446 4871 florenorum,
3513 4784 3580 4852 in
3628 4781 3765 4852 ho·-

482 4937 710 4990 norem
762 4925 1131 5016 nuptiarum
1172 4919 1659 4995 clementissimi
1694 4919 2012 5017 Principis
2044 4919 2343 4997 MAGNt
2373 4919 2634 5009 DUCIS
2667 4918 3113 4995 FRIDEBJCI
3168 4942 3315 4995 cum
3369 4921 3765 5001 amatissima
