4782 6002
672 718 1139 816 Digestorum
1186 693 1570 793 iuvenitur.
1670 712 1839 806 Qua
1878 711 2123 790 solum
2168 710 2452 790 ratione
2499 711 2648 791 dici
2695 719 2979 817 potest,
3029 713 3379 813 heredes,
3471 721 3594 818 qui
3639 725 3896 823 aequis
3939 749 4117 829 par-

678 857 875 937 tibus
923 857 1020 934 ad
1070 863 1359 957 quotam
1410 853 1545 932 vel
1593 876 1742 929 rem
1791 852 2220 932 hereditatis
2265 857 2521 933 vocati
2587 857 2733 936 sint
2763 910 2787 953 ‚
2839 853 3026 933 aliis'
3053 856 3577 959 praeferendos
3623 859 3913 962 haberi,
3963 889 4115 946 non

682 1002 916 1076 minus
964 997 1149 1072 illos
1183 1000 1317 1095 Jus
1365 994 1839 1096 praelationis
1889 994 2222 1074 obtinere
2269 999 2317 1072 i.
2366 1019 2438 1083 e.
2488 1003 2818 1101 potiores
2865 1021 3038 1076 esse
3083 1002 3162 1075 in
3219 1003 3395 1101 jure
3443 1003 3923 1081 accrescendi
3989 1009 4112 1107 qui

675 1161 1039 1220 concursu
1086 1134 1256 1213 solo
1288 1145 1537 1238 partes
1573 1136 1901 1214 facerent
1928 1166 1953 1213 e
1998 1182 2102 1201 -
2134 1161 2320 1237 quae
2365 1163 2556 1218 vero
2607 1143 3206 1243 conjunctiones,
3245 1148 3384 1220 etsi
3421 1149 3601 1244 jure
3621 1143 4110 1225 Justim'aueo

677 1301 781 1357 ex
828 1286 1084 1354 nostra
1129 1280 1488 1355 sententia
1550 1276 1887 1354 sublatae
1954 1278 2384 1376 videantur,
2453 1285 2725 1360 nostris
2787 1289 3031 1360 tamen
3090 1282 3318 1362 Jctis
3379 1292 3873 1386 argumentum
3937 1309 4114 1391 per·-

677 1442 948 1499 veraec
995 1421 1606 1522 interpretationis
1655 1419 2159 1520 praebuerunt.
3129 1457 3140 1466 ·

1272 1667 1501 1752 ΙΙΙ.
1654 1666 1961 1751 Jus
2106 1665 3513 1754 sastinianeum.

876 1819 1096 1928 Ante
1122 1852 1361 1928 omnia
1410 1852 1817 1950 quaeritur,
1847 1874 2033 1950 quae
2079 1873 2203 1927 res
2235 1854 2308 1927 iu
2330 1856 2505 1953 Jure
2534 1848 3006 1931 accrescendi
3051 1858 3376 1953 tempore
3427 1849 3862 1926 Justtntm
3910 1872 4114 1925 nsunt

681 1991 825 2068 fori
876 1992 1356 2086 obtinuerint,
1410 2016 1739 2091 quaeque
1787 2000 2050 2094 postea
2095 1990 2589 2070 Justiniaaems
2637 1991 3150 2091 constituerit?
3198 1991 3250 2066 1.
3301 2017 3429 2069 un.
3475 1987 3670 2068 Cod.
3719 1989 3794 2073 6.
3850 1986 3975 2066 51.
4089 2037 4096 2048 ·

880 2131 1077 2207 Num
1117 2097 1246 2231 jus
1295 2129 1698 2207 Julianum
1747 2139 1818 2207 et
1851 2116 2285 2231 Papr'antcm
2320 2138 2480 2233 jam
2531 2142 2702 2209 ante
2762 2131 3289 2207 Justinianum
3337 2128 3731 2206 pandectis
3798 2127 4113 2205 nondum

682 2274 1043 2350 confectis
1091 2275 1165 2348 in
1217 2271 1765 2350 desuetudinem
1815 2272 2043 2348 abiit?
2090 2272 2211 2350 De
2260 2296 2404 2372 quo
2455 2272 2636 2348 nihil
2687 2276 3148 2348 constitutum
3200 2277 3352 2365 est,
3421 2273 3559 2346 nisi
3608 2270 3685 2344 id
3735 2273 4108 2372 respicere

682 2413 919 2507 velis,
974 2412 1169 2511 quod
1219 2411 1712 2488 Justinianus
1771 2415 1934 2514 ipse
1982 2416 2054 2487 in
2107 2436 2216 2514 pr.
2268 2411 2463 2489 Cod.
2510 2411 2585 2487 h.
2636 2420 2686 2487 t.
2749 2414 3148 2488 occasione
3203 2410 3378 2486 data
3444 2411 3783 2487 obtulerit
3871 2411 4109 2506 „haec
4177 2434 4197 2444 ’

687 2553 821 2630 lex
886 2552 1149 2649 <Julia
1198 2562 1275 2630 et
1321 2554 1613 2653 Papia)
1684 2576 1816 2655 per
1886 2551 2427 2632 desuetudinem
2489 2551 2764 2634 abolita
2828 2557 3018 2627 est“.
3134 2552 3294 2627 Alii
3361 2559 3621 2644 eontra
3683 2552 4110 2652 opinantur,

680 2696 1018 2770 notiones
1067 2695 1248 2798 juris
1302 2693 1609 2770 Juliani
1653 2702 1731 2770 et
1774 2694 2161 2769 discrimen
2214 2696 2768 2793 conjunctorum
2817 2695 2890 2769 in
2939 2714 3023 2768 re
3072 2701 3149 2768 et
3193 2692 3446 2768 verbis
3495 2696 3979 2793 conjunctos,
4031 2698 4110 2768 et

686 2834 935 2912 verbis
986 2841 1421 2937 conjunctos
1472 2843 1545 2911 et
1592 2858 1677 2911 re
1727 2839 2165 2934 conjunctos
2204 2837 2357 2933 jam
2409 2856 2509 2910 ex
2558 2834 2905 2911 librorum
2972 2838 3419 2935 antiquorum
3487 2837 3920 2911 auctoritate
3965 2856 4108 2936 po-

683 2967 1117 3053 sterioribus
1192 2975 1417 3055 JCtis
1504 2983 1822 3054 retentas
1850 3031 1875 3072 ,
1966 2997 2204 3076 neque
2271 3000 2320 3052 a
2395 2973 2842 3052 Iustiniana
2921 2979 3087 3079 ipso
3154 2978 3228 3052 in
3303 2974 3478 3076 lege
3559 2978 3773 3053 unica
3841 2975 4109 3054 deser-

684 3126 797 3196 tas
882 3143 1074 3197 esse.

885 3259 1131 3336 Nobis
1180 3268 1416 3336 autem
1465 3257 1797 3354 videtur,
1846 3258 2374 3335 Justmtonum
2420 3262 2494 3335 in
2543 3259 2717 3357 lege
2764 3260 2980 3336 unica
3030 3261 3150 3336 cit.
3203 3279 3351 3333 uon
3413 3257 3649 3333 solum
3719 3255 3795 3333 id
3863 3262 4111 3334 sustu-

682 3402 907 3496 lisse,
976 3398 1169 3499 quod
1219 3398 1314 3475 ad
1365 3398 1676 3477 heredes
1726 3408 1801 3476 et
1860 3400 2260 3499 legatarios
2314 3408 2583 3501 patres
2646 3402 3001 3502 pertinet,
3079 3397 3337 3474 eodem
3397 3398 3560 3475 fere
3622 3396 3884 3491 modo,
3963 3419 4107 3496 quo

688 3539 1078 3617 discrimen
1124 3544 1315 3617 inter
1365 3563 1485 3616 res
1533 3543 1842 3640 mancipi
1894 3549 1967 3616 et
2018 3563 2140 3615 res
2189 3562 2330 3616 nec
2376 3543 2684 3641 mancipi
2754 3540 3116 3616 oblivioni
3182 3537 3509 3632 tradidit,
3589 3544 3662 3612 et
3728 3537 3942 3649 simul
4020 3559 4117 3615 ea

686 3683 926 3759 omnia
974 3683 1405 3778 antiquavit,
1459 3703 1646 3777 quae
1696 3681 1889 3756 libro
1944 3682 2250 3781 septimo
2292 3679 2606 3759 Codicis
2656 3688 2985 3778 tanquam
3032 3703 3166 3781 per
3212 3683 3501 3755 tacitam
3553 3677 4108 3756 desuetudinem

502 3882 513 3895 .
616 3918 623 3927 κ
682 3820 829 3923 jam
878 3820 1155 3896 abolita
1221 3826 1296 3897 in
1363 3819 1717 3897 Codicem
1783 3823 2012 3921 ipsum
2083 3824 2287 3919 quasi
2356 3827 2571 3921 caput
2637 3828 2986 3897 mortuum
3049 3820 3335 3916 retulit,
3406 3820 3548 3901 sed
3598 3824 3851 3941 potius
3910 3842 4114 3897 nova

686 3964 1045 4039 etatmzm
1093 3962 1187 4037 de
1237 3963 1758 4061 conjunctione
1805 3965 1992 4061 ipsa.

884 4100 1048 4179 Sed
1096 4100 1281 4178 haec
1330 4104 1490 4203 ipsa
1540 4111 1654 4178 est
1702 4104 2030 4200 quaestio
2080 4102 2316 4177 nostri
2367 4101 2649 4177 saeculi
2699 4105 3154 4201 gravissima.
3919 4198 3926 4204 ί

889 4243 1403 4337 Glossatores,
1456 4244 1571 4341 qui
1615 4247 1743 4342 jus
1790 4240 2192 4318 Julianum
2239 4245 2802 4341 ignoraverunt,
2842 4246 3036 4343 juris
3086 4243 3356 4341 antiqui
3407 4250 3710 4319 naturae
3759 4240 4102 4319 inhaese-

686 4385 853 4452 runt
899 4390 974 4456 et
1022 4387 1441 4459 seutentiam
1504 4382 1997 4483 protulerunt,
2071 4404 2257 4480 quae
2324 4390 2398 4457 et
2459 4407 2506 4458 a
2568 4382 2937 4483 plerisque
2998 4381 3224 4461 JOtis
3293 4384 3526 4459 nostri
3579 4386 3926 4483 temporis
3990 4400 4116 4454 re-
4249 4378 4270 4392 ‘

691 4525 906 4617 cepta
954 4526 1066 4592 est
1118 4530 1191 4594 et
1241 4521 1676 4623 divulgatur.
1782 4522 1967 4601 Cum
2016 4532 2251 4600 autem
2288 4528 2423 4623 jus
2468 4521 2867 4599 Julianum
2901 4521 3302 4599 hominibus
3354 4521 3594 4598 doctis
3644 4521 3874 4597 nostri
3921 4524 4108 4594 tem-

689 4658 893 4756 poris
942 4657 1119 4731 satis
1171 4662 1536 4755 cognitum
1586 4686 1776 4740 nunc
1824 4664 2200 4761 videatur,
2272 4686 2396 4740 res
2443 4662 2982 4766 interpretando
3032 4687 3128 4740 eo
3179 4664 3532 4766 perducta
3580 4669 3773 4755 ests
3808 4665 3886 4735 ut
3938 4661 4109 4761 opi·
4233 4696 4246 4705 -

688 4803 947 4871 nentur
992 4793 1516 4873 Jmttniannm
1579 4802 1746 4877 illas
1812 4808 2153 4883 notiones
2215 4803 2587 4927 Jutiaaem
2657 4828 2943 4908 semper
3011 4809 3083 4882 in
3142 4814 3383 4884 mente
3445 4801 3790 4880 habuisse
3811 4853 3836 4896 ,
3915 4821 4107 4900 quae
