4782 6002
978 870 1119 944 Dr.
1165 862 1820 942 LINDEMANN
1835 917 1858 957 ‚
1926 863 2045 962 qni
2115 864 2449 965 privatim
2516 862 2714 969 apud
2777 882 2918 939 nos
2990 861 3520 965 philosophiam
3581 863 3876 963 docuit,
3954 864 4195 946 Solo-

782 1012 1109 1088 tburnum
1161 1032 1245 1084 se
1296 1007 1606 1081 contulit
1653 1004 2104 1107 professoris
2154 1028 2406 1078 munus
2453 1010 2883 1104 recepturus
2933 1013 3010 1080 et
3057 1006 3187 1081 Dm
3226 1003 3817 1081 FORTLAGE
3856 1030 3981 1082 res
4027 1008 4193 1110 phi-

779 1150 1205 1252 losophicas
1258 1144 1573 1223 docendi
1623 1147 1844 1220 venia
1892 1166 1988 1219 se
2027 1142 2429 1226 abdicavit.
4208 1140 4215 1147 '

984 1313 1274 1391 Civium
1342 1309 1925 1387 academicorum»
2006 1331 2343 1385 numerus
2414 1303 2697 1407 quidem
2776 1330 3005 1409 nuper
3083 1306 3473 1408 paullulum
3558 1306 3968 1386 deminutus
4038 1315 4208 1409 est,

782 1474 1030 1529 eornm
1077 1475 1268 1529 vero
1316 1451 1692 1550 diligentia
1740 1456 1817 1529 et
1866 1448 2215 1524 industria
2272 1453 2428 1549 jam
2477 1471 2579 1525 ex
2632 1470 2729 1526 eo
2778 1450 3098 1551 perspici
3146 1456 3393 1550 potest
3412 1502 3435 1543 ,
3503 1444 3697 1547 quod
3748 1450 3828 1523 in·
3871 1449 4194 1549 quolibet

779 1593 1137 1672 literarum
1189 1591 1444 1668 ordine
1495 1592 2141 1667 commentationes
2185 1592 2655 1688 quaestiones
2702 1591 3119 1691 propositas
3169 1596 3569 1669 tractantes
3618 1588 3909 1664 oblatae
3954 1596 4144 1672 sunt.

980 1758 1538 1856 'theologorum
1589 1754 1793 1832 Ordo
1844 1754 2031 1830 hanc
2079 1766 2565 1854 proposuerat
2612 1756 3145 1856 quaestionem,

1074 1898 1247 1996 „ut'
1265 1904 1674 1973 enarretur
1721 1898 1877 1970 vita
1925 1894 2365 1972 Zachariae
2427 1896 2718 1992 Ursini,
2799 1894 3175 1997 Theoloyf
3203 1890 3902 1994 Heidelberqenst’s,
3971 1897 4196 1972 mer?-

1079 2047 1301 2141 taque
1353 2041 1528 2139 ejus
1568 2038 1661 2112 de
1719 2035 2123 2137 Theoloyz'a
2173 2045 2260 2112 et
2299 2036 2654 2115 Ecclesia
2705 2022 3189 2139 exponantur
3240 2042 3320 2112 et
3371 2035 3957 2134 diiudicentur)ss

782 2178 951 2256 Una
996 2186 1264 2253 tantum
1316 2177 1571 2253 Ordini
1625 2177 1871 2252 oblata
1921 2184 2035 2254 est
2085 2168 2623 2277 commentatio,
2673 2179 2821 2257 hoc
2870 2178 3207 2280 symbolo
3259 2179 3644 2276 insignita:
3714 2172 3898 2272 „Ne
3938 2177 4200 2278 pigeat

773 2325 1083 2422 secisse,
1125 2325 1224 2395 ut·
1255 2322 1506 2419 potius
1549 2320 1855 2419 pudeat,
1906 2323 1984 2393 εἰ·
2018 2344 2172 2396 non
2212 2324 2567 2422 feceris&
2666 2320 3045 2402 Panum-us.

984 2459 1310 2555 Auctor,
1360 2463 1779 2560 praesertim
1829 2463 1910 2534 in
1954 2483 2056 2536 eo.
2100 2463 2374 2562 capite,
2435 2485 2576 2559 quo
2610 2461 2863 2538 Ursini
2908 2465 3179 2536 merita
3227 2460 3794 2562 perlustrantur,
3840 2479 3997 2532 non·
4038 2476 4198 2531 om·

780 2600 901 2674 nia
950 2597 1229 2698 quidem
1279 2611 1733 2675 monumenta
1780 2601 2000 2702 plene
2049 2604 2121 2675 in
2177 2628 2381 2678 usum
2434 2601 2803 2695 adhibuit,
2860 2624 3107 2700 neque
3147 2606 3355 2677 etiam
3420 2600 3699 2697 reliqua
3756 2603 4196 2672 commenta-

781 2740 980 2814 tione
1032 2742 1319 2815 omnino
1372 2743 1776 2837 materiam,
1830 2766 2034 2840 quam
2067 2741 2315 2819 sontes
2359 2745 2430 2818 ei
2482 2740 3073 2844 suppeditabant,
3125 2743 3303 2816 satis
3346 2739 3532 2816 bene
3580 2738 3935 2837 digestam
3983 2744 4199 2836 atque

779 2875 875 2954 ad
923 2883 1098 2953 artis
1148 2880 1361 2978 leges
1406 2880 1775 2956 formatam
1814 2885 2219 2983 proposuit.
2317 2882 2740 2959 Parciorem
2790 2881 3249 2982 dijudicandi
3293 2904 3500 2981 quam
3546 2878 3916 2957 referendi
3971 2879 4200 2956 relata

778 3043 866 3094 se
925 3024 1293 3120 praestitit.
1408 3021 1805 3098 Praeterea
1862 3047 2198 3101 sermone
2249 3023 2525 3099 Latino·
2590 3051 2765 3100 usus
2834 3031 2948 3101 est
3027 3028 3257 3098 minus
3330 3029 3672 3100 correcto
3746 3022 4200 3119 elimatoque.

783 3157 1132 3250 Quoniam
1184 3169 1419 3237 autem
1480 3187 1663 3261 quae
1717 3162 1811 3237 ad
1871 3169 2099 3240 vitam
2146 3165 2397 3240 Ursini
2440 3168 2839 3265 pertinent,
2904 3168 3164 3263 magna
3227 3162 3574 3239 industria
3644 3183 3746 3238 ex
3802 3163 4011 3237 libris
4060 3184 4203 3239 ve-

781 3299 1051 3377 teribus
1103 3312 1342 3397 eruta,
1395 3306 1901 3399 concinnavit,
1957 3303 2290 3403 adeoque
2341 3306 2414 3379 in
2466 3304 2608 3382 hac
2659 3307 2881 3407 priori
2935 3305 3189 3379 saltem
3266 3303 3712 3409 quaestionis
3764 3307 3968 3403 parte
4021 3302 4199 3398 egit,

783 3441 977 3541 quod
1030 3442 1306 3518 arbitro.
1358 3467 1503 3519 non
1553 3448 1760 3519 nimis
1818 3468 2111 3520 moroso
2178 3448 2413 3546 possit
2465 3446 2933 3540 satisfacere,
3003 3444 3208 3522 Ordo
3273 3445 3538 3545 juveni
3610 3440 3874 3542 digno,
3939 3441 4058 3540 qni
4109 3435 4204 3515 ad

780 3583 1390 3683 perseverandum
1441 3587 1513 3658 in
1565 3583 1681 3658 his
1731 3583 1990 3659 studiis
2035 3587 2439 3681 excitetur,
2489 3589 2872 3686 praemium
2923 3585 3254 3662 lubenter
3320 3582 3674 3661 concedit.
3768 3611 3775 3616 ·

979 3747 1359 3825 Sched'ula
1408 3750 1736 3845 reclusa,
1788 3751 2056 3850 legitur

1661 3885 2164 3967 JOANNES
2250 3883 2892 3965 FRIDEMCUS
2979 3883 3314 3992 REITZ

1770 4029 2279 4108 Promontorio
2334 4029 2572 4104 bonae
2622 4030 2782 4129 spei
2833 4024 3204 4103 oriundus.

980 4216 1680 4294 Jurisconsultorum
1729 4218 1935 4297 ssrdo
1986 4221 2528 4322 postulaverat,
2581 4225 2663 4300 ut
3774 4299 3787 4312 .

1071 4356 1591 4457 „Ea-plicetur
1640 4364 1850 4436 locus
1900 4361 1993 4436 de
2042 4362 2458 4438 actionibus
2508 4363 2757 4438 stricti
2780 4361 2995 4460 juris
3042 4367 3124 4436 et
3171 4360 3425 4438 bonna
3456 4359 3710 4463 fildf‘

783 4495 948 4571 Una
1008 4495 1533 4574 commentatio
1582 4498 1836 4576 Ordini
1893 4500 2138 4576 oblata
2189 4512 2341 4598 est,
2391 4502 2532 4581 hac
2584 4505 3051 4606 inscriptione
3098 4510 3386 4580 ornataz
3446 4500 3668 4598 „Qua
3686 4503 3925 4602 jen-is,
3960 4496 4201 4574 nodos

779 4638 1164 4738 {egenaque
1214 4645 1637 4742 aemymata
1684 4646 1977 4720 solvitf‘

983 4802 1228 4904 Cujus
1275 4812 1527 4882 auctor
1575 4810 1795 4884 multa
1841 4832 2018 4890 sane
2069 4811 2460 4904 acuminis,
2532 4810 3001 4908 eruditionis,
3066 4812 3469 4890 industriae
3539 4807 3737 4885 dedit
3804 4806 4205 4908 specimina

783 4946 1090 5045 itemque
1136 4947 1346 5023 varia
1394 4944 1488 5022 ad
1521 4970 1670 5026 rem
1702 4949 2194 5029 illatrandan
2244 4973 2432 5051 quae
2483 4954 2842 5054 pertinent
2878 4952 3067 5033 bene
3102 4955 3514 5052 congessit,
3565 4951 3667 5026 ita
3713 4956 3794 5027 ut
3839 4946 4205 5051 adprae-
