4782 6002
2157 744 2202 817 9

537 950 925 1024 hodiernum
976 973 1097 1046 pro
1151 954 1234 1023 in
1287 974 1461 1023 rem
1518 950 2034 1023 actionibus
2084 958 2331 1024 tantum
2383 953 2470 1024 in
2504 973 2678 1023 rem
2718 954 3110 1048 scriptas
3144 947 3519 1022 haberem).
3571 944 3847 1020 Minime

534 1082 753 1162 tam'en
805 1111 1023 1184 neg0,
1093 1087 1576 1162 distinctionem
1647 1088 1822 1161 illam
1877 1092 2048 1162 inter
2098 1093 2164 1161 in
2218 1110 2359 1161 rem
2417 1098 2484 1160 et
2535 1091 2601 1160 in
2653 1108 3006 1185 personam
3062 1090 3355 1162 actiones
3409 1096 3643 1159 nostre
3698 1085 3843 1160 Co-

535 1225 678 1300 dice
732 1250 866 1300 non
919 1225 1153 1299 eadem
1208 1249 1288 1297 ac
1339 1230 1405 1298 in
1457 1227 1910 1300 Romanorum
1964 1226 2224 1319 legibus
2279 1230 2641 1299 constantia
2698 1234 3034 1335 servatam
3089 1246 3284 1313 esse,
3336 1234 3407 1296 ut
3450 1228 3588 1317 jam
3628 1246 3720 1297 ex
3752 1246 3840 1297 eo

531 1364 756 1460 liquet,
813 1363 986 1458 quod
1039 1364 1365 1437 interdum
1419 1375 1632 1437 emtor
1683 1363 1906 1456 fundi,
1977 1368 2100 1438 etsi
2169 1387 2246 1437 ea
2317 1366 2474 1459 lege
2527 1386 2661 1437 non
2716 1366 2989 1452 emerit,
3065 1372 3244 1436 stare
3312 1360 3505 1434 debet
3576 1363 3841 1452 colono,

515 1506 638 1575 ·cui
691 1504 875 1599 prior
939 1500 1240 1575 dominus
1306 1503 1552 1575 locavit
1574 1504 1677 1574 16).
1784 1502 1996 1577 Porro
2067 1507 2181 1591 vi,
2253 1524 2447 1596 quam
2512 1504 2619 1593 Jus
2691 1523 3032 1574 romanum
3103 1505 3360 1575 ratione
3427 1499 3685 1572 formae
3756 1498 3841 1571 ad

536 1639 846 1714 Codicem
917 1637 1420 1736 Napoleoneum
1495 1640 1754 1729 habuit,
1826 1638 2275 1728 tribuendum,
2349 1639 2522 1733 quod
2594 1639 2699 1711 hic
2766 1639 2848 1710 de
2919 1637 3340 1711 servitutibus
3405 1660 3838 1735 personarum

531 1787 824 1851 statuens
877 1798 1116 1851 usum
1186 1788 1268 1850 et
1331 1776 1981 1850 habitationem
2033 1786 2360 1874 tamquam
2417 1777 2798 1851 coordinata
2850 1786 2915 1850 et
2968 1776 3238 1851 diversa
3289 1796 3542 1871 genera
3596 1775 3838 1848 distin·-

531 1918 710 2009 guit,
785 1918 1088 2011 quamvis
1157 1913 1329 1987 banc
1401 1926 1694 1990 ceterum
1765 1939 1886 2012 pro
1956 1940 2163 1989 usus
2229 1919 2454 2012 specie
2506 1915 2759 1988 babeat.
2866 1915 3208 2011 Denique,
3278 1925 3348 1987 ut
3400 1914 3525 1987 alia
3578 1914 3838 1987 silentio

533 2064 1054 2148 praetereamus,
1088 2091 1173 2104 —
1209 2074 1418 2124 voces
1472 2063 1993 2128 contractus
2047 2066 2115 2127 et
2163 2063 2460 2150 pacta,
2517 2078 2679 2150 quas
2735 2058 2801 2126 in
2857 2054 3104 2127 Codice
3157 2062 3388 2126 nostro
3443 2046 3839 2142 invenimus,

531 2212 850 2263 romanae
885 2158 1055 2263 'sunt
1108 2193 1419 2284 originis,
1495 2195 1796 2286 quamvis
1868 2215 1908 2264 a
1975 2192 2453 2265 consuetudine
2522 2193 2704 2265 latini
2774 2196 3100 2266 sermonis
3167 2190 3492 2263 recedens
3564 2189 3839 2262 verbum

532 2337 1056 2402 contractus
1108 2331 1174 2400 in
1231 2327 1477 2402 Codice
1530 2328 1780 2402 Gallico
1836 2353 2160 2426 quamque
2214 2334 2725 2404 conventionem
2778 2329 3225 2427 principalem,
3277 2340 3614 2427 pactum
3666 2348 3838 2401 vero

535 2475 935 2539 conventum
988 2466 1187 2538 modo
1241 2466 1561 2558 adjectum
1615 2465 1954 2561 significet.

742 2604 884 2676 Jam
940 2614 1009 2676 ut
1060 2603 1351 2678 dicamus
1406 2604 1488 2676 de
1541 2609 1611 2679 vi
1667 2616 1734 2677 et
1786 2607 2056 2697 effectu,
2127 2629 2318 2703 quem
2373 2630 2509 2680 non
2561 2606 2819 2679 formae
2874 2605 2991 2678 sed
3042 2608 3244 2700 ipsius
3299 2607 3665 2698 argumenti
3716 2626 3841 2676 ra·-

535 2742 716 2813 tione
769 2740 1221 2851 Romanorum
1274 2743 1463 2836 leges
1517 2746 1581 2814 in
1634 2743 2288 2818 Franco-Gallorum
2341 2744 2565 2839 legum
2611 2745 2924 2818 Codicem
2964 2742 3331 2830 habuerint,
3384 2740 3839 2815 discernamus

532 2900 816 2952 necesse
870 2888 971 2953 est
1023 2884 1195 2954 inter
1237 2883 1351 2973 jus
1406 2862 1720 2953 romanae
1775 2884 2056 2965 civitatis
2109 2886 2451 2979 proprium
2503 2882 2614 2955 vel
2662 2884 2771 2974 jus
2825 2883 3044 2971 civile,
3098 2891 3164 2952 et
3197 2885 3366 2953 inter
3400 2881 3614 2974 leges,
3668 2902 3837 2975 quae

529 3016 683 3090 ideo
737 3015 1085 3092 Romanae
1139 3019 1568 3114 appellantur,
1625 3020 1801 3115 quod
1854 3023 2065 3116 primo
2121 3021 2378 3095 Romae
2435 3024 2807 3095 enuntiatae
2860 3030 3034 3108 sunt,
3088 3019 3322 3116 quibus
3378 3041 3585 3106 vero,
3639 3039 3836 3111 quum

529 3153 847 3228 naturalis
900 3159 1069 3228 ratio
1123 3160 1294 3229 inter
1347 3180 1578 3229 omnes
1632 3158 1931 3232 homines
1985 3182 2102 3232 eas
2156 3164 2588 3251 constituerit,
2642 3181 2871 3233 omnes
2924 3169 3160 3252 gentes
3212 3167 3500 3244 utuntur,
3547 3159 3657 3248 jus
3691 3160 3836 3230 sci-

507 3292 686 3365 'licet
736 3293 1074 3387 gentium
1128 3333 1211 3345 --
1273 3317 1442 3388 quae
1513 3296 1774 3390 quidem
1846 3296 2171 3371 distinctio
2242 3298 2397 3370 ideo
2469 3298 2773 3372 facienda
2843 3308 2982 3387 est,
3063 3295 3238 3391 quod
3289 3303 3519 3368 noster
3572 3315 3833 3388 quoque

505 3427 769 3504 ‘Codex
813 3432 1058 3523 jurium
1109 3436 1520 3528 privatorum
1576 3435 1701 3508 alia
1756 3434 1835 3506 ad
1881 3438 1993 3527 jus
2049 3435 2289 3526 civile,
2361 3437 2486 3509 alia
2543 3436 2624 3508 ad
2670 3439 2782 3528 jus
2834 3439 3124 3530 gentium
3179 3435 3403 3506 refert.
3472 3433 3610 3506 Has
3643 3432 3833 3527 leges

529 3573 598 3641 in
654 3566 963 3642 Codicem
1015 3566 1519 3665 Napoleoneum
1575 3582 1877 3668 receptas
1931 3596 2114 3662 esse,
2184 3576 2358 3646 ultro
2414 3575 2650 3671 liquet:
2742 3597 2825 3647 eo
2881 3578 3203 3670 pertinent
3259 3573 3546 3659 dominii,
3601 3576 3833 3642 servi-

530 3716 760 3797 tutum,
813 3728 940 3779 nec
991 3729 1126 3780 non
1178 3709 1460 3803 plurium
1515 3720 1962 3783 contractuum
2018 3715 2303 3784 instituta
2358 3713 2722 3807 horumque
2776 3712 3075 3784 doctrina
3098 3713 3203 3801 1⁷),
3249 3752 3331 3763 —-
3378 3712 3531 3783 licet
3584 3720 3831 3783 tantum

533 3841 735 3937 absit,
814 3857 883 3917 ut
951 3846 1405 3920 Romanorum
1477 3848 1559 3920 de
1615 3850 2119 3944 obligationibus
2189 3857 2622 3948 compositum
2678 3851 3016 3926 artificium
3071 3852 3241 3948 apud
3292 3850 3831 3924 Franco—Gallos

529 3991 736 4055 totum
790 3991 1126 4080 receptum
1180 3989 1285 4075 sit,
1339 3996 1409 4057 ut
1459 3987 1629 4083 apud
1680 3986 1802 4061 hos
1857 3988 2338 4062 Germanorum
2389 3991 2508 4063 lex
2558 3991 2812 4081 valeat,
2868 4014 2995 4085 qua
3048 3989 3211 4062 fides
3266 3990 3462 4063 modo
3517 3991 3664 4062 data
3720 4001 3831 4062 at-

532 4141 661 4217 que
716 4133 987 4216 accepta
1043 4146 1310 4195 causam
1364 4124 1780 4219 obligationis
1834 4127 2096 4200 civilem
2147 4140 2442 4223 generat.

737 4255 873 4332 Sed
927 4263 1120 4331 etiam
1175 4283 1267 4331 ex
1312 4264 1464 4353 jure
1501 4261 1950 4337 Romanorum
2004 4266 2182 4338 civili
2233 4267 2545 4340 nonnulla
2599 4269 2909 4354 instituta,
2961 4270 3083 4339 etsi
3137 4263 3618 4361 quodammodo
3674 4287 3830 4336 mu-

529 4404 703 4487 tata,
778 4396 882 4468 hic
933 4396 1102 4470 liber
1152 4399 1374 4493 legum
1426 4406 1715 4498 recepit,
1771 4403 2001 4497 quibus
2055 4409 2242 4478 cives
2293 4406 2421 4477 soli
2472 4403 2936 4476 uterenturffi).
3038 4403 3158 4475 His
3214 4400 3626 4474 accensenda
3680 4413 3831 4474 sunt

530 4531 878 4629 privilegia
934 4534 1125 4626 dotis,
1179 4535 1442 4632 adoptio
1464 4537 1590 4631 ¹⁹),
1659 4546 2015 4638 usucapio,
2070 4527 2374 4634 conju'gis
2425 4545 2790 4637 superstitis
2842 4539 3241 4613 succedendi
3287 4542 3395 4630 jus
3452 4561 3542 4610 ex
3596 4538 3829 4611 ordine

534 4670 760 4762 „unde
803 4642 920 4746 ‘vir
972 4682 1039 4744 et
1091 4671 1340 4762 uxor“,
1395 4675 1538 4747 alia.

736 4807 882 4881 Jam
937 4820 1193 4906 tempus
1248 4822 1350 4884 est
1399 4813 1482 4883 ad
1536 4814 1809 4887 alteram
1865 4822 2310 4912 quaestionis,
2381 4839 2575 4911 quam
2645 4821 3070 4903 instituimuS‚
3141 4828 3397 4913 partem
3450 4814 3825 4888 accedendi.

533 4929 1042 5040 Desighabimus
1096 4949 1359 5025 Codicis
1413 4956 1620 5028 nostri
1673 4943 1764 5024 eir
1815 4960 2199 5049 germanico
2245 4959 2395 5047 jure
2450 4957 2795 5050 depromta
2850 4957 3190 5030 elementa.

3367 5066 3408 5128 2
