4782 6002
2652 101 2858 192 '52

1327 214 1371 329 .—
1409 272 1907 377 appellatione
1941 269 2386 345 continetur.
2436 266 2540 362 (ἓ.
2585 295 2657 356 7,
2699 268 2756 339 I.
2797 264 2893 340 de
2929 284 3108 356 act.;
3137 267 3229 338 L.
3262 264 3337 353 5,
3364 266 3433 356 §-
3471 296 3527 355 1,
3565 266 3734 369 Dig.
3773 265 3868 341 de
3891 268 4094 370 pign.
4139 287 4220 342 et

1409 396 1761 502 hypoth.;
1810 399 1885 469 L.
1936 399 2053 482 13,
2094 394 2161 485 S.
2206 423 2274 484 ις
2311 395 2388 464 L.
2433 395 2557 479 16,
2595 393 2665 485 ἓ.
2707 389 2818 483 6.)

1505 523 1625 596 Sic
1665 523 1860 596 inter
1903 522 2170 624 pignus
2213 536 2285 593 et
2312 517 2821 622 hypothecam
2858 516 3067 591 nulla
3091 533 3197 590 est
3220 515 3475 617 quoad
3501 516 3872 591 actionem
3898 517 4212 593 distinc-

1407 649 1543 739 tio,
1573 629 1902 751 respectu
1922 642 2500 749 praescriptionis
2528 659 2779 717 tamen
2808 640 3431 730 diversificantur,
3463 669 3642 716 nam
3661 640 4206 746 hypothecaria

1411 775 1604 849 actio
1636 771 2145 877 praescribitur
2178 769 2417 874 spatio
2460 767 2811 872 temporis
2821 800 2841 860 3
2870 768 3064 843 actio
3097 785 3348 842 autem
3379 769 3514 843 ista
3541 795 3711 870 quae
3731 794 3868 872 pro
3896 768 4210 873 pignore

1409 916 1830 1004 praestatur,
1871 924 2028 972 non
2066 894 2605 1001 praescribitur,
2657 894 2835 994 quia
2875 893 3286 996 possidetur
3320 893 3364 967 a
3400 891 3800 982 creditore,
3840 921 3995 969 non
4027 902 4205 970 vero

1408 1027 1450 1098 a
1493 1026 1831 1100 debitore
1874 1023 2163 1128 pignus.
3149 1035 3156 1041 ‘

1508 1148 1950 1254 Hypotheca
1991 1175 2150 1222 non
2193 1166 2298 1222 est
2340 1173 2511 1251 pars
2557 1144 2849 1220 domini
2888 1172 3057 1247 quae
3094 1143 3458 1219 fundatur
3503 1145 3587 1219 in
3628 1144 3899 1219 debito.

1510 1274 1973 1381 Hypothecae
2007 1293 2082 1348 et
2123 1272 2454 1378 pignoris
2487 1269 2603 1374 jus
2632 1290 2738 1346 est
2768 1270 3097 1346 cessibile
3138 1289 3211 1345 et
3254 1269 3664 1358 vendibile,
3698 1267 3904 1345 unde
3949 1271 4201 1347 cessio-

1412 1403 1664 1477 narius
1711 1429 1795 1476 ea
1846 1400 2101 1476 omnia
2157 1398 2434 1501 poterit
2487 1424 2656 1502 quae
2716 1414 3005 1501 poterat
3059 1395 3360 1484 cedens,
3405 1396 3582 1499 quia
3625 1422 3759 1501 per
3804 1397 4199 1473 cessionem

1416 1527 1678 1603 crediti
1739 1544 1811 1601 et
1862 1523 2047 1627 juris
2106 1521 2543 1627 principalis
2601 1541 2937 1596 censetur
2985 1547 3268 1597 cessum
3317 1520 3430 1623 jus
3484 1521 3816 1626 pignoris
3852 1541 3926 1598 et
3963 1521 4202 1628 hypo-

1416 1654 1677 1743 thecae3
1719 1651 1876 1725 sine
1905 1667 2154 1724 autem
2185 1647 2591 1752 principali
2624 1647 3076 1747 obligatione
3110 1647 3274 1722 cedi
3317 1673 3472 1723 non
3502 1664 3736 1751 potest
3757 1646 4198 1753 hypotheca.

1520 1779 1733 1852 Actio
1765 1772 2309 1879 hypothecaria
2345 1770 2597 1847 differt
2635 1773 2679 1845 a
2717 1772 3089 1876 personali
3123 1806 3137 1845 :

1513 1898 1921 1977 Personalis
1971 1897 2507 1974 denominatur
2546 1900 2713 1971 tum
2751 1922 2840 1970 ex
2883 1913 3092 2000 parte
3137 1895 3555 1984 creditoris,
3599 1896 3764 1971 tum
3816 1895 4199 1983 debitoris,

1413 2021 1591 2131 quia
1617 2025 1956 2132 procedit
1980 2025 2077 2099 ab
2108 2022 2689 2125 obligationibus
2711 2048 2798 2096 ex
2830 2038 3218 2096 contractu
3255 2020 3886 2125 proficiscentibus
3916 2040 3988 2095 et
4018 2020 4201 2096 dici-

1416 2174 1542 2229 tur
1597 2155 1805 2229 affixa
1849 2152 2129 2227 ossibus
2173 2148 2560 2225 creditoris
2609 2167 2683 2223 et
2740 2175 2915 2223 eum
2969 2148 3337 2249 sequitur,
3376 2166 3448 2222 et
3489 2147 3753 2224 transit
3801 2148 4198 2224 universali

1416 2279 1842 2366 successori,
1881 2302 2039 2351 non
2080 2272 2535 2380 particulari.
3849 2365 3854 2370 .
4019 2275 4028 2290 '

1518 2402 2073 2509 Hypothecaria
2103 2400 2296 2476 actio
2327 2419 2435 2477 est
2454 2398 2568 2502 jus
2602 2397 2810 2501 quod
2841 2400 2925 2473 in
2952 2426 3036 2474 re
3062 2399 3568 2489 constituitur,
3605 2398 3685 2473 id
3714 2418 3848 2487 est,
3876 2400 3960 2474 in
3987 2400 4202 2476 bonis

1418 2533 1645 2637 ipsius
1679 2531 1979 2607 tantum
2004 2527 2379 2605 debitoris.
2414 2526 2603 2622 Quae
2643 2524 2813 2602 ideo
2843 2545 2950 2601 est
2976 2525 3201 2600 infixa
3237 2525 3487 2615 bonis,
3527 2525 3630 2601 ita
3671 2544 3758 2600 ut
3792 2526 3888 2601 sit
3920 2525 4202 2630 insepa-

1421 2656 1681 2732 rabilis
1736 2656 2096 2734 transiens
2145 2652 2244 2727 ad
2305 2676 2738 2727 successores
2800 2677 3306 2753 quoscumque
3370 2652 3892 2754 bonorumque
3941 2677 4209 2757 posses-

1420 2809 1609 2858 sores
1648 2801 1721 2857 et
1747 2782 2028 2857 dicitur
2061 2777 2174 2879 jus
2201 2778 2557 2865 afficiens,
2593 2778 2770 2879 quia
2802 2802 2915 2852 res
2956 2804 3242 2882 semper
3275 2778 3588 2853 transire
3624 2778 3846 2853 debet
3872 2806 4043 2855 cum
4073 2782 4205 2853 sua

1424 2912 1658 2985 causa.

1518 3042 1846 3115 Infertur
1893 3037 2280 3143 propterea
2325 3062 2414 3111 ex
2468 3037 2688 3139 supra
2741 3034 2959 3110 dictis
3000 3034 3347 3110 creditori
3402 3035 3748 3111 adversus
3792 3034 4207 3110 debitorem

1421 3166 1801 3271 duplicem
1827 3162 2201 3238 actionem
2230 3179 2676 3264 competere,
2704 3161 3168 3265 personalem
3195 3178 3269 3234 et
3297 3160 3603 3249 realem,
3632 3159 3810 3263 quia
3840 3158 4211 3264 hypothe-

1418 3292 1617 3365 caria
1660 3308 1763 3365 est
1801 3286 2194 3362 accessoria
2239 3287 2323 3361 in
2357 3287 2651 3361 actione
2688 3286 3080 3390 personali.

1522 3419 1657 3491 Res
1707 3412 2147 3519 hypothecae
2206 3412 2374 3488 dari
2410 3439 2614 3518 posse
2655 3412 3042 3488 sciendum
3083 3432 3187 3487 est
3227 3440 3365 3516 pro
3411 3415 3885 3515 quacumque
3923 3410 4213 3513 ‘obliga-

1422 3545 1656 3631 tione,
1699 3541 1812 3616 vel
1849 3567 1987 3645 pro
2016 3540 2219 3614 civili
2250 3540 2730 3640 obligatione,
2765 3541 2881 3614 vel
2922 3538 3360 3629 honoraria,
3390 3539 3504 3615 vel
3533 3542 3829 3615 tantum
3860 3537 4209 3614 naturali.

1420 3666 1542 3761 (L.
1594 3657 1723 3759 ⁸14,
1764 3670 1833 3760 §-
1893 3696 1949 3741 1.
1990 3667 2083 3740 D.
2125 3665 2219 3740 de
2253 3667 2540 3771 pignor.
2570 3684 2642 3740 et
2665 3663 2983 3769 hypoth.
2998 3698 3018 3757 3
3063 3667 3140 3737 L.
3191 3669 3310 3753 13,
3355 3694 3464 3770 pr.
3499 3667 3591 3740 D.
3625 3665 3720 3742 de
3757 3664 3973 3741 cond.
4023 3662 4213 3755 ind.;

1422 3796 1498 3866 L.
1552 3818 1711 3883 101,
1745 3795 1815 3887 S.
1866 3824 1924 3867 1.
1956 3792 2049 3865 D.
2088 3791 2183 3867 de
2218 3792 2456 3885 salut.)

1522 3918 1665 3993 Sed
1692 3919 1750 3993 si
1788 3916 1952 4021 jure
1980 3917 2181 3993 civili
2218 3917 2427 3993 nulla
2468 3917 2825 4017 obligatio
2865 3914 3319 4006 declaratur,
3358 3945 3516 3991 non
3539 3916 3787 3992 valida
3817 3934 3923 3991 est
3949 3916 4218 4020 pigno—

1421 4073 1519 4119 ris
1561 4062 2007 4119 constitutio.

1400 4259 1419 4267 ·
1514 4168 1975 4273 Hypothecae
2007 4186 2080 4242 et
2110 4164 2442 4269 pignoris
2482 4163 2867 4242 nonnullae
2898 4183 3074 4240 sunt
3113 4165 3381 4268 species
3411 4198 3427 4237 z
