4782 6002
1700 425 1961 546 '‘n-

2084 567 2217 662 85

421 817 829 908 W
866 815 1129 902 poenas
1160 809 1503 881 Μαῖα
1541 811 1733 881 mado
1781 812 2023 882 allatas
2080 817 2153 883 in
2208 813 2579 884 custodiam
2619 815 2947 905 publicam
2985 818 3372 888 immutandi
3413 809 3691 889 liberum
3731 835 3846 890 ar-

428 945 707 1018 fflm
745 945 915 1014 θιὼ
946 939 1273 1015 refletunt.
1478 959 1485 970 ·
1948 980 1963 993 .
3841 961 3854 976 .

512 1111 519 1116 ὴ
576 1101 583 1110 ·
683 1071 1173 1157 Quen-entibus
1212 1071 1409 1138 nobis
1446 1072 1518 1137 ia
1558 1087 1903 1158 quamnam
1940 1083 2221 1159 paenam
2258 1074 2750 1162 secundantes,
2797 1090 2963 1163 quos
3007 1077 3269 1164 dicunt,
3308 1079 3682 1162 incurrant,
3724 1091 3849 1143 eos

433 1217 671 1290 paena
717 1202 921 1287 plane
977 1217 1230 1266 vacuos
1294 1216 1459 1266 csse
1512 1200 1810 1283 futuros,
1871 1202 1932 1266 si
1975 1203 2287 1286 quantum
2340 1207 2693 1288 potuerant
2733 1204 3023 1271 duellum
3062 1204 3385 1292 impedire
3424 1202 3850 1286 studuerunt,
3916 1236 3919 1241 ·

440 1323 683 1414 nque
718 1344 850 1393 aon
889 1344 970 1394 eo
1009 1328 1243 1393 mitiori
1278 1327 1806 1415 reprehensione
1844 1328 2241 1415 plectendos
2282 1330 2533 1414 videri,
2594 1348 2718 1416 quo
2774 1335 2990 1416 majus
3044 1331 3332 1399 studium
3384 1331 3858 1416 impenderunt

440 1461 525 1528 ἰι
560 1457 937 1528 avertenda
971 1458 1264 1545 pericula
1303 1457 1827 1545 den-imentaque
1869 1475 2014 1523 cum
2043 1456 2263 1524 duello
2292 1460 2649 1540 conjuncta
2675 1460 3130 1549 intelligimus.
3212 1459 3403 1544 Quod
3435 1460 3524 1527 ad
3550 1460 3850 1528 medicos

444 1549 877 1655 ati-duellam
914 1586 1246 1652 adhibitos
1289 1587 1460 1653 omni
1499 1604 1717 1674 poena
1754 1587 1956 1653 solati
1984 1589 2141 1671 jure
2180 1586 2546 1672 meritoque
2585 1588 3059 1674 relinquuntur.

698 1713 1102 1796 Quaestione
1144 1713 1235 1779 de
1275 1720 1510 1780 natura
1546 1732 1631 1780 ae
1667 1713 1888 1781 indole
1931 1713 2170 1802 duelli,
2234 1721 2541 1802 quantum
2582 1719 2797 1804 potui,
2854 1690 3177 1802 tractata,
3218 1719 3437 1784 restat
3471 1719 3546 1782 ut
3585 1715 3846 1783 viribus

452 1843 922 1911 illnstmss'i-is
979 1844 1399 1927 Zac-ma,
1448 1841 1961 1920 hnmana,
2014 1845 2382 1930 Rossnmr,
2450 1844 2797 1911 luminibus
2841 1849 3045 1932 atque
3094 1845 3500 1940 ornamentis
3549 1846 3850 1930 Raperto

455 1972 842 2058 carolinae,
884 1971 1124 2059 quibus
1165 1969 1558 2056 triumviris,
1601 1970 1915 2058 quidquid
1956 1974 2082 2039 sim
2108 1971 2263 2038 olim
2312 1973 2379 2039 in
2410 1975 2564 2058 jure
2612 1979 3085 2060 provecturus,
3126 1973 3493 2040 debiturum
3517 1990 3624 2039 me
3655 1973 3850 2039 omne'

463 2119 625 2171 esse
662 2105 777 2190 pie
817 2103 1203 2189 labentique
1246 2103 1475 2169 animo.
1504 2102 1854 2189 profiteor,
1917 2100 2173 2167 viribus
2213 2099 2646 2185 celsissimis,
2706 2102 3013 2188 umam,
3055 2102 3359 2184 sonum,
3402 2118 3568 2187 quos
3629 2102 3853 2168 Jenae

457 2230 528 2298 iu
553 2232 712 2313 jure
738 2233 1214 2318 praeceptores
1261 2230 1506 2297 habere
1538 2230 1697 2298 mibi
1720 2231 2028 2320 contigit,
2070 2229 2235 2296 viris
2266 2228 2658 2295 clarissimis
2683 2235 2755 2296 et
2785 2229 3192 2297 doctissimis
3228 2231 3422 2312 Rm,
3463 2230 3857 2314 nomam,

469 2357 745 2445 zerra,
820 2358 1135 2445 Dema,
1202 2357 1716 2426 Humanum·
1782 2363 1850 2427 in
1904 2356 2512 2447 Heidelberg-ensi,
2596 2360 2997 2426 Hammon.
3064 2361 3447 2442 Rsumom‚
3520 2359 3856 2442 Asnaus,

467 2484 876 2573 Scsnmm,
926 2489 1129 2554 Dans
1180 2489 1248 2556 in
1301 2489 1595 2557 quensi
1651 2490 2031 2612 academiaff,
2110 2505 2384 2578 quorum
2442 2493 2601 2556 sunt
2665 2490 2927 2557 nomina
2983 2485 3258 2572 laudes,
3344 2487 3609 2577 gratias
3662 2501 3858 2574 quam

469 2615 793 2681 mximas
830 2616 1221 2699 persolvam.

1688 2724 2179 2793 Desideraatur
2215 2744 2347 2792 non
2387 2743 2621 2812 pauca.

1258 3225 2398 3310 curriculum
2542 3226 3074 3309 vitae·

708 3396 1069 3464 Maurus
1105 3392 1429 3464 Fan-rso
1468 3415 1555 3464 ex
1594 3398 1966 3464 Famnmco
2005 3396 2362 3480 Famae,
2403 3394 2671 3477 summi,
2711 3395 2824 3482 qui
2861 3411 2977 3461 res
3024 3408 3259 3460 sacras
3302 3393 3373 3460 et
3413 3389 3862 3460 scholasticas
3938 3372 3945 3388 ’

472 3525 695 3609 curat,
750 3529 1030 3591 senatus
1079 3527 1463 3593 consiliario
1518 3526 1884 3613 eodemque
1942 3542 1987 3590 a
2045 3523 2341 3592 consiliis
2383 3541 2605 3591 rerum
2647 3524 3054 3611 publicarum
3093 3489 3753 3590 administrandarum
3793 3527 3867 3591 et

474 3649 796 3717 Asanam
833 3668 875 3717 e
913 3656 1128 3740 gente
1167 3652 1480 3720 Bonosus
1522 3657 1718 3719 natus
1764 3654 1864 3718 24.
1907 3651 2160 3718 mensis
2200 3653 2455 3739 Aprilis
2497 3655 2655 3719 181⁷
2694 3642 2991 3737 Gotbae,
3054 3652 3165 3719 ubi
3191 3654 3614 3737 juventutem
3651 3668 3868 3719 meam

474 3773 674 3864 degi,
742 3797 958 3867 usque
996 3780 1084 3846 ad
1127 3781 1361 3848 altiora
1400 3780 1682 3848 colenda
1719 3778 1943 3847 studia
1979 3780 2047 3845 in
2086 3780 2497 3848 academiam
2542 3782 2917 3848 Jenensem
2958 3781 3289 3868 migravi,
3355 3782 3424 3847 in
3467 3780 3680 3847 lucem
3722 3799 3868 3845 sum

475 3905 716 3973 editus.
795 3909 1037 3976 Primis
1081 3910 1479 3998 temporibus
1519 3911 1764 3977 aetatis
1803 3910 2212 3998 gravissimo
2268 3911 2494 3975 morbo
2554 3909 2852 3977 laboravi
2891 3911 3293 3996 penitusque
3337 3908 3608 3974 extabui
3647 3926 3868 3994 quum,

473 4032 625 4102 Deo
648 4038 974 4122 Juvante‚
1019 4044 1213 4125 quam
1252 4040 1547 4105 homines
1588 4042 1737 4106 arte
1775 4037 2062 4105 reddere
2091 4045 2230 4104 non·
2251 4039 2604 4105 valuerant
2631 4038 2985 4105 sanitatem
3015 4040 3251 4104 natura
3280 4037 3428 4123 ipsa
3458 4036 3867 4102 restitueret.

471 4161 851 4230 Elementis
891 4167 1284 4233 instructum
1322 4174 1637 4256 parentes
1678 4167 1845 4250 mei,
1888 4166 2003 4252 qui
2042 4164 2277 4234 eodem
2317 4184 2548 4233 omnes
2591 4167 2837 4233 liberos
2879 4185 3042 4232 suos
3071 4140 3592 4251 complectuntur
3617 4178 3866 4245 amore,

474 4289 550 4355 in
590 4289 854 4358 Domini
895 4301 1312 4379 praemature
1354 4297 1648 4364 defuncti
1689 4294 1964 4371 Gaoscu
2018 4294 2293 4361 scholae
2348 4295 2763 4382 disciplinam
2805 4313 2912 4359 mc
2953 4291 3387 4363 tradiderunt.
3465 4290 3600 4356 Per
3639 4289 3871 4372 plures

472 4432 695 4484 annos
754 4418 928 4486 banc
976 4422 1480 4510 frequentabam
1529 4422 1822 4488 scholam
1893 4438 2027 4508 qua
2073 4421 2311 4491 relicta
2369 4425 2687 4513 auspiciis
2745 4421 3117 4488 doctissimi
3155 4420 3490 4485 Dmarson
3551 4418 3620 4482 in
3662 4434 3872 4500 gym-

476 4547 736 4616 uastum
777 4546 1039 4617 illustre
1081 4556 1398 4638 receptus
1439 4554 1638 4637 atque
1679 4551 1915 4618 tertiae
1954 4549 2333 4636 adscriptus
2373 4568 2521 4615 sum
2563 4547 2787 4614 classi.
2868 4547 3162 4612 Maxima
3200 4526 3305 4609 me
3332 4544 3675 4629 perfusum
3710 4561 3873 4611 esse

479 4669 739 4739 laetitia
794 4678 1015 4743 sentio
1071 4679 1493 4765 professores
1554 4670 1968 4762 afferentem,
2038 4694 2206 4763 quos
2268 4677 2451 4743 vitae
2511 4691 2702 4741 meae
2763 4675 2973 4741 duces
3017 4679 3214 4758 atque
3256 4671 3456 4737 animi
3496 4688 3875 4755 morumque

485 4801 731 4866 nactus
783 4819 926 4870 sum
994 4803 1402 4874 formatores.
1510 4805 1687 4873 Nam
1747 4808 2043 4874 omnibus
2102 4809 2369 4873 constat
2427 4786 2831 4892 quantopere
2890 4802 3209 4879 Damno,
3274 4799 3562 4882 heom,
3625 4799 3874 4880 Kame,

480 4923 798 5015 smum,
858 4933 1175 5020 UGKBM,
1252 4936 1470 5024 Bon,
1530 4936 2022 5005 wammam
2088 4936 2452 5003 meruerint
2505 4932 2591 5000 de
2650 4935 2987 5000 literarum
3048 4927 3291 4994 studiis
3362 4925 3678 4993 colendis.
3781 4924 3878 4991 Et

485 5069 730 5126 revera
764 5077 1091 5149 prospera
1134 5061 1431 5133 arridere
1469 5065 1822 5135 videbatur
1859 5067 2123 5134 fortuna
2161 5041 2522 5156 gymnasio
2551 5061 2860 5130 Gotbano
2876 5103 2898 5145 ,
2937 5076 3139 5145 quum
3182 5057 3394 5124 virum
3434 5051 3878 5140 magnificen-
