4782 6002
3930 505 3986 577 ¹7

572 739 667 761 ...
716 697 790 770 in
841 690 1018 769 dote
1043 690 1541 765 Justiniam
1589 684 1791 762 dedit
1838 690 2054 763 uxori
2104 695 2249 763 tum
2298 690 2655 764 actionem
2707 689 2815 763 rei
2865 694 3178 767 uxoriae
3229 697 3762 770 revocatoriam
3815 719 3991 796 per-

569 833 930 927 sonalem,
981 839 1125 907 tum
1176 829 1742 907 vindicationem
1792 836 1871 902 et
1934 811 2525 927 hypothecariam
2559 881 2563 888 -
2599 799 2868 908 realem
2905 837 3015 928 1);
3080 835 3459 911 transfudit
3527 835 3834 936 denique
3881 842 3993 916 rei

569 979 879 1053 uxoriae
931 975 1288 1048 actionem
1338 970 1573 1045 bonae
1619 969 1791 1045 fidei
1857 971 1931 1044 in
1972 971 2358 1056 ,actionem
2425 993 2527 1045 ex
2593 973 2938 1072 stipulatu
3006 977 3241 1052 stricti
3290 979 3485 1075 juris
3555 1001 3740 1075 quae
3811 1001 3993 1054 vero

570 1121 889 1219 speciem
937 1113 1246 1190 actionis
1297 1111 1533 1186 bonae
1580 1110 1757 1185 fidei
1804 1109 2149 1190 induebat
2150 1110 2301 1203 ,3)-
2388 1111 2842 1211 parapherna
2910 1136 3197 1215 semper
3263 1123 3468 1192 erant
3538 1117 3726 1194 bona
3799 1142 3994 1196 uxo-

572 1262 674 1335 ris
717 1264 834 1353 3)·
813 1310 834 1348 ,
889 1260 962 1330 in
1012 1252 1452 1390 naturalibus
1503 1251 1757 1326 liberis
1803 1251 2231 1349 legitimatio
2295 1272 2430 1351 per
2477 1251 2930 1384 subsequens
3002 1258 3512 1333 matrimonium
3563 1259 3810 1334 locum
3857 1259 3995 1336 ha-

575 1397 790 1475 bebat
822 1402 916 1490 4).

560 1565 567 1576 ·
768 1537 853 1611 In
918 1534 1161 1609 tutelis
1226 1558 1272 1607 a
1334 1542 1543 1634 patre
1605 1532 2044 1607 naturalibus
2121 1533 2687 1609 constituebatur
2752 1540 2948 1610 tutor
3012 1541 3585 1615 testamentarius
3626 1541 3720 1635 ⁵).
3822 1542 4006 1617 Ma·-

573 1687 684 1752 ter
731 1678 956 1751 tutrix
1006 1671 1220 1751 SCto
1272 1672 1673 1772 Vellejano
1724 1674 2149 1748 renunciare
2199 1671 2439 1748 debet.
2475 1678 2543 1766 ⁶)
3689 1750 3696 1758 ,

774 1816 857 1890 In
909 1814 1096 1889 libro
1150 1822 1366 1888 sexto
1426 1811 1734 1889 Codicis
1790 1810 2233 1887 hereditates
2278 1820 2692 1889 tractantur.
2795 1815 3058 1913 Neque
3128 1819 3203 1890 in
3267 1815 3556 1893 Codice
3622 1843 3858 1919 neque
3923 1824 3995 1896 in

480 1965 488 1973 '
576 1933 1147 2031 institutionibus
1181 1953 1275 2028 de
1310 1950 1844 2052 conjungendis
1896 1975 2051 2028 cum
2098 1957 2266 2051 jure
2319 1953 2523 2029 civili
2576 1953 2928 2029 bonorum
2971 1957 3563 2054 possessionibus
3612 1957 3994 2034 disseruit.

577 2096 925 2172 bonorum
975 2096 1513 2196 possessiouem
1556 2096 1636 2167 in
1708 2093 2281 2169 Institutionibus
2342 2099 2672 2191 tanquam
2738 2092 3214 2195 appendicem
3277 2097 3693 2174 historicum
3761 2121 3998 2200 appo-

578 2240 753 2328 suit,
801 2239 944 2330 ita,
996 2243 1075 2310 ut
1123 2233 1293 2310 huic
1336 2203 1527 2332 juris
1576 2234 1902 2310 subsidio
1954 2258 2055 2309 ex
2106 2232 2365 2309 edictis
2415 2237 2807 2333 praetoriis
2858 2245 3021 2310 orto
3072 2237 3272 2313 nulla
3335 2242 3487 2313 suis
3552 2240 3991 2341 temporibus

502 2417 507 2422 -
581 2387 783 2455 esset
839 2380 959 2454 vis
1002 2380 1468 2478 pragmatica.
1572 2374 1737 2466 Quo
1793 2376 2057 2452 factum
2125 2383 2277 2468 est,
2329 2381 2405 2452 ut
2449 2372 2958 2480 *Jmtinianus
3019 2377 3232 2452 nobis
3291 2381 3730 2478 relinqueret
3798 2404 3997 2457 cam-

585 2545 749 2623 pum
815 2545 864 2595 a
931 2520 1252 2617 Bugone
1327 2527 1580 2594 nostro
1650 2521 1946 2619 primum
2009 2516 2418 2611 excultum,
2497 2514 2594 2590 ad
2642 2515 3232 2614 cognoscendum
3298 2521 3428 2617 jus
3490 2517 4001 2595 hereditarium

583 2662 800 2764 plane
849 2661 1178 2738 fertilem.
1279 2661 1364 2733 In
1418 2660 1583 2733 aliis
1632 2656 1984 2758 quaedam
2035 2660 2368 2733 mutavit.

778 2827 867 2922 1>
916 2831 989 2902 in
1045 2825 1556 2903 collationibus
1603 2822 2095 2899 Justmianm
2136 2824 2369 2898 omnia
2418 2822 2736 2899 conferri
2778 2821 3056 2918 voluit,
3111 2843 3295 2920 quae
3344 2823 3416 2896 in
3462 2828 3774 2920 quartam
3819 2845 4000 2924 por-

585 2970 851 3046 tionem
897 2970 1359 3069 imputantur,
1414 2973 1491 3042 et
1552 2986 1775 3064 quae,
1851 2966 1915 3040 si
1983 2962 2125 3040 dos
2173 2962 2303 3041 vel
2351 2961 2645 3039 donatio
2719 2970 3016 3065 propter
3086 2965 3372 3065 nuptias
3435 2961 3525 3040 ab
3595 2988 3737 3039 una
3798 2971 4003 3066 parte

591 3111 1101 3216 conferantur,
1153 3109 1363 3183 alteri
1413 3108 1837 3209 simpliciter
1885 3105 2156 3181 'donata
2205 3111 2395 3186 sunt.
2497 3105 2753 3180 Utrum
2804 3104 3104 3181 collatio
3175 3105 3770 3205 emancipatorum
3823 3104 4002 3181 sub—

583 3249 736 3324 lata
784 3253 912 3344 sit,
969 3262 1110 3324 nec
1156 3271 1288 3342 ne,
1340 3268 1602 3347 magna
1651 3249 1839 3322 inter
1898 3254 2191 3320 nostros
2249 3249 2766 3355 controyersia
2827 3254 2962 3323 est.
3063 3247 3275 3321 Duae
3332 3253 3497 3320 sunt
3566 3248 4000 3339 sententiae,

587 3390 857 3483 altera,
922 3411 1105 3487 quae
1165 3392 1621 3487 grammatice
1664 3387 1972 3486 singulis
2040 3388 2668 3464 constitutionibus
2727 3388 3085 3482 inhaeret,
3140 3409 3369 3483 neque
3415 3384 3488 3460 id
3543 3387 3861 3484 quaerit,
3914 3409 4004 3457 an

593 3528 899 3606 'collatio
951 3532 1552 3629 emancipatorum
1609 3527 1762 3602 fieri
1816 3530 2087 3627 possit,
2153 3528 2416 3621 altera,
2478 3550 2659 3626 quae
2706 3528 2958 3627 logice
3014 3530 3556 3629 interpretatur,
3637 3534 3709 3601 et
3762 3524 4004 3601 colla-

592 3671 860 3744 tionem
912 3673 1111 3767 quasi
1172 3672 1624 3744 mutationem
1663 3669 1858 3765 juris
1907 3666 1998 3743 ab
2050 3669 2390 3744 intestato
2442 3693 2631 3744 nunc
2707 3692 2808 3745 ex
2854 3670 3062 3745 NoV.
3116 3668 3284 3748 118.
3337 3665 3809 3770 depromendi
3862 3688 4004 3740 ex-

593 3808 854 3909 plicari
902 3810 1084 3887 vult.
1138 3810 1244 3904 (6.
1294 3809 1454 3905 20).

761 4154 839 4237 1)
879 4164 924 4223 l.
966 4161 1083 4222 29.
1125 4162 1245 4222 30.
1291 4156 1399 4220 31.
1440 4161 1585 4220 Cod-
1631 4159 1698 4219 ὅ.
1741 4160 1858 4219 12.
1904 4163 2083 4221 Ruso
2132 4160 2381 4220 historia
2414 4165 2532 4235 jur.
2575 4175 2718 4237 pag.
2769 4159 2962 4218 1122
3011 4156 3158 4233 (XI.
3208 4155 3336 4230 ed.)

766 4262 852 4340 2)
896 4268 991 4325 tit.
1036 4267 1099 4325 5.
1148 4261 1251 4327 13.
1610 4289 1618 4297 ·

763 4366 846 4442 9)
887 4373 934 4432 l.
982 4366 1078 4429 11.
1126 4370 1269 4430 cod.
1308 4370 1378 4430 ὅ.
1418 4366 1529 4438 14.
1613 4375 1794 4431 Huoo
1832 4371 1971 4432 hist.
2014 4384 2158 4446 pag.
2206 4371 2442 4439 1¹28„

759 4469 848 4550 4)
888 4476 934 4534 1.
981 4476 1048 4540 8.
1092 4472 1203 4534 10.
1249 4471 1355 4536 12.
1397 4475 1542 4536 Cod-
1585 4476 1650 4536 ὅ.
1700 4472 1807 4539 2²7.

762 4574 847 4654 ὅ)
892 4581 934 4638 1.
978 4583 1043 4640 4.
1082 4581 1230 4643 cod.
1277 4580 1343 4642 ὅ.
1388 4582 1499 4640 29.

769 4679 852 4760 8)
892 4685 934 4743 1.
968 4677 1028 4743 3.
1059 4684 1203 4744 cod.
1242 4684 1307 4744 ὅ.
1354 4685 1471 4746 35.
1514 4686 1798 4745 alienatio
1842 4702 2045 4746 rerum
2084 4688 2475 4763 pupillartum
2517 4686 2564 4744 1.
2612 4679 2717 4745 28.
2751 4685 2903 4744 Cod-
2954 4685 3021 4746 6.
3081 4685 3197 4743 38.
3249 4684 3580 4745 auctoritas
3631 4683 4012 4759 praestanda.

604 4790 650 4848 1.
692 4788 811 4850 ult.
852 4789 997 4849 cod.
1036 4788 1104 4848 ὅ.
1137 4770 1241 4849 69.
1285 4789 1364 4848 de
1404 4796 1685 4852 curatore
1728 4793 1946 4853 furiosi
2001 4793 2046 4855 l.
2090 4788 2154 4857 6.
2193 4792 2342 4854 cod.
2383 4792 2451 4851 ὅ.
2504 4789 2622 4857 70.
