4782 6002
1908 110 2404 182 ...19-

510 314 909 412 injunctam
957 308 1113 423 fuit.
1215 307 1433 384 Haec
1482 309 1682 383 actio
1734 311 1855 383 est
1900 308 2061 380 sine
2104 304 2327 385 dubio
2370 312 2664 408 species
2703 314 3017 386 actionis
3053 330 3220 409 neg.
3245 322 3456 410 gest.
3500 323 3800 391 contra-

510 455 705 544 riae,
747 451 885 527 sed
925 475 972 525 a
1011 450 1359 524 Romanis
1399 471 1731 525 seorsum
1771 452 2111 522 tractata.
2162 447 2296 521 Fr.
2337 451 2450 521 12.
2494 457 2563 535 S.
2601 453 2670 520 2.
2697 451 2767 522 3.
2810 449 2907 522 D.
2951 447 3046 523 de
3085 448 3301 547 relig.
3347 454 3507 545 (11,
3542 457 3652 545 7).
3694 451 3800 547 ³³)

505 591 1025 688 Unusquisque
1089 611 1134 663 e
1186 587 1464 687 populo
1515 587 1822 662 alterius
1874 589 2303 684 cujusquam
2347 588 2799 687 sepulturam
2848 610 3115 665 curare
3178 597 3431 689 potest
3454 644 3476 683 ‚
3551 590 3645 666 fr.
3706 596 3798 667 12

506 726 674 803 eod.
729 730 946 802 etiam
994 734 1256 802 contra
1307 725 1614 823 obligati
1663 721 2169 818 interdictum,
2247 725 2341 799 fr.
2401 728 2493 798 14
2543 736 2614 814 S.
2678 727 2768 800 13
2816 726 2986 802 eod.
3033 735 3118 803 ‘et
3167 729 3555 827 unicuique
3607 728 3796 805 haee

506 873 703 947 actio
752 869 853 944 ad
902 865 1455 969 recuperandas
1510 870 1879 967 impensas
1929 865 2211 941 funeris
2262 888 2491 942 eausa
2541 865 2783 941 factas
2836 889 3200 944 concessa
3249 876 3388 945 est.
3489 868 3579 945 Si
3634 874 3794 968 quis

506 1010 649 1087 hac
697 1009 1126 1110 sepulturae
1177 1010 1561 1084 curatione
1611 1005 2056 1083 coheredum
2109 1008 2317 1103 quasi
2367 1009 2671 1104 negotia
2708 1010 2992 1104 gessit,
3025 1012 3535 1109 impensasque
3575 1010 3793 1103 fecit,

482 1149 649 1225 *hae
699 1151 1073 1247 impensae
1120 1150 1419 1223 actione
1467 1146 1636 1221 fam.
1687 1144 1999 1222 hercisc.
2054 1143 2510 1244 repetendae
2560 1152 2750 1220 sunt.
2850 1144 2982 1220 Fr.
3035 1149 3128 1220 14
3178 1155 3250 1234 s.
3309 1150 3400 1220 12
3452 1146 3620 1225 eod.

673 1287 1081 1390 Principia
1144 1290 1456 1364 actionis
1519 1308 1688 1385 neg.
1749 1295 1941 1384 gest.
2005 1290 2224 1362 etiam
2287 1285 2362 1356 in
2427 1286 2718 1360 actione
2782 1283 3162 1361 funeraria
3207 1286 3450 1362 locum
3499 1286 3793 1364 habent.

504 1426 832 1527 Ideoque
882 1425 1064 1501 nihil
1112 1430 1267 1526 peti
1316 1432 1608 1525 potest,
1681 1429 1746 1499 si
1795 1428 2034 1499 animo
2089 1421 2411 1499 donandi
2462 1424 2844 1523 sepultura
2893 1424 3098 1500 facta
3146 1434 3310 1520 est,
3384 1435 3462 1503 et
3507 1431 3582 1501 in
3629 1450 3793 1504 eum

504 1566 721 1643 modo
774 1570 971 1643 actio
1023 1571 1411 1668 competit,
1465 1571 1587 1643 cui
1634 1566 2062 1667 sepulturae
2115 1588 2299 1643 onus
2350 1572 2748 1667 injunctum
2800 1577 2984 1644 erat.
3085 1569 3218 1645 Fr.
3275 1573 3372 1644 14
3418 1580 3492 1659 S.
3545 1576 3613 1646 ⁷.
3676 1574 3790 1646 17.

503 1707 598 1780 Ι).
652 1705 824 1782 eod.
949 1705 1363 1807 Praecipue
1431 1714 1676 1781 autem
1743 1690 2143 1782 heredibus
2209 1732 2347 1808 pro
2397 1708 2894 1807 magnitudine
2943 1713 3305 1809 portionis
3354 1710 3793 1789 hereditatis

464 1843 649 1921 hoc
694 1844 1107 1946 sepeliendi
1158 1867 1344 1921 onus
1391 1848 1795 1946 injunctum
1846 1852 1986 1920 est.
2084 1844 2219 1924 Fr.
2279 1852 2369 1922 12
2422 1858 2496 1937 S.
2548 1852 2620 1923 4.
2675 1848 2766 1923 fr.
2819 1852 2912 1923 31
2968 1873 3082 1949 pr.
3135 1859 3209 1938 S.
3271 1854 3306 1924 1
3363 1851 3531 1928 eod.
3634 1852 3799 1928 He·
3903 1832 3910 1835 ⁷

354 1994 359 2003 '
502 1985 756 2062 redem
820 1995 1225 2086 sequuntur
1292 1990 1366 2061 in
1431 1988 1860 2088 sepulturae
1910 1988 2296 2064 curatione
2347 1997 2697 2087 parentes
2745 1997 2970 2087 atque
3018 1993 3320 2063 maritus
3345 2043 3366 2082 ‚
3444 2000 3796 2089 parentes

502 2134 744 2204 autem
793 2134 968 2203 ante
1018 2131 1346 2202 maritum
1372 2181 1393 2219 ‚
1447 2132 1585 2202 nisi
1641 2126 1814 2225 quid
1864 2151 1908 2201 e
1950 2149 2035 2201 re
2078 2128 2337 2200 uxoris
2380 2125 2475 2199 ad
2519 2129 2849 2199 maritum
2889 2128 3203 2199 venerit.
3265 2125 3400 2198 Fr.
3443 2128 3789 2202 16-23,

501 2264 594 2339 fr.
646 2268 746 2337 28
795 2262 962 2338 eod.
1066 2263 1158 2336 Id
1206 2268 1378 2337 vice
1430 2286 1657 2339 versa
1709 2262 1804 2337 de
1857 2243 2096 2337 uxore
2152 2264 2412 2339 eodem
2462 2260 2681 2337 mo'do
2733 2263 3201 2340 contenditur
3244 2260 3397 2359 ³⁴];
3469 2265 3794 2365 plerum-

504 2429 644 2505 que
696 2406 914 2481 etiam
964 2426 1214 2479 omnes
1262 2403 1455 2479 aliae
1507 2425 1913 2503 personae,
1987 2406 2108 2501 qui
2162 2403 2514 2481 defuncto
2566 2404 2907 2481 alimenta
2974 2403 3156 2481 dare
3211 2404 3622 2503 debebant,
3693 2403 3818 2485 ad'

502 2544 957 2645 sepulturam
1007 2540 1402 2618 curandam
1454 2542 1831 2640 obligatae
1881 2540 2264 2619 habentur.
2309 2540 2416 2639 ²⁵)

698 2686 846 2762 Hic
899 2707 1185 2784 quoque
1234 2683 1444 2761 valet
1493 2685 1756 2783 regula
1780 2739 1801 2779 ,
1876 2709 2008 2763 eas
2058 2683 2295 2760 solum
2342 2685 2711 2784 impensas
2760 2687 3002 2785 repeti
3056 2706 3282 2785 posse
3309 2736 3330 2779 ‚
3407 2707 3598 2784 quae
3649 2684 3791 2760 ho-

500 2834 762 2903 nestae
813 2834 892 2902 et
940 2823 1532 2901 accommodatae
1583 2823 1846 2924 opibus
1889 2823 2220 2901 defuncti
2266 2833 2515 2914 erant,
2570 2847 2810 2922 neque
2852 2823 3192 2924 impedit,
3248 2827 3623 2921 quominus
3661 2847 3790 2900 re·-

500 2970 887 3066 petautur‚
960 2968 1026 3040 si
1090 2968 1310 3041 etiam
1379 2962 1772 3040 defunctus
1834 2967 2278 3042 contrarium
2331 2966 2667 3064 jusserat
2737 2985 2977 3061 neque
3039 2985 3227 3038 vero
3280 2962 3397 3038 his
3445 2966 3792 3062 impensis

500 3108 961 3204 ignominiam
1012 3103 1362 3181 defuncto
1414 3109 1805 3204 injungere
1855 3105 2053 3182 licet.
2154 3103 2287 3177 Fr.
2340 3106 2435 3176 14
2485 3111 2556 3190 S.
2605 3104 2677 3178 5.
2725 3107 2792 3178 6.
2846 3105 2959 3177 10.
3011 3103 3106 3176 Ι).
3159 3101 3231 3177 h.
3279 3110 3330 3176 t.
3433 3099 3693 3176 const.
3738 3105 3791 3174 ὅ

503 3240 695 3319 Cod.
750 3243 846 3321 de
895 3244 1009 3321 his
1062 3269 1251 3344 quae
1301 3253 1382 3320 ut
1430 3241 1705 3342 indign.
1756 3248 1882 3339 (6,
1915 3246 2079 3336 35).
2124 3236 2229 3336 3⁶]
2279 3242 2372 3317 fr.
2433 3245 2525 3316 12
2577 3252 2648 3331 S.
2698 3245 2748 3316 5
2799 3242 2894 3316 D.
2950 3242 3017 3316 h.
3067 3251 3118 3316 t.
3172 3241 3264 3317 fr.
3319 3246 3407 3315 21
3468 3243 3635 3319 eod.

696 3383 870 3460 Jam
911 3408 1098 3462 vero
1145 3408 1274 3478 ea,
1323 3408 1509 3484 quae
1550 3384 1851 3485 propria
1889 3390 2062 3456 sunt
2090 3386 2363 3459 actioni
2396 3383 2855 3478 funerariae‚
2898 3387 3314 3461 accuratius
3349 3392 3787 3461 tractemus=

697 3524 797 3614 a)
867 3522 1064 3597 Huic
1113 3526 1388 3598 actioni
1437 3521 1902 3624 privilegium
1955 3518 2307 3618 exigendi
2370 3543 2804 3597 concessum
2867 3529 3024 3616 est,
3087 3525 3206 3600 ‚ita
3268 3532 3349 3598 ut
3412 3527 3785 3622 impensae

498 3661 924 3737 funerariae
961 3662 1036 3735 in
1068 3659 1517 3737 creditorum
1551 3685 1915 3740 concursu
1946 3662 2021 3735 in
2064 3666 2327 3759 quarta
2363 3658 2604 3736 classe
2644 3659 3126 3737 collocentur.
3176 3660 3311 3735 Fr.
3344 3663 3445 3734 45
3487 3661 3583 3737 Ι).
3627 3662 3698 3738 Ιι.
3734 3672 3786 3737 t.
3933 3751 3948 3762 ‚

501 3804 895 3877 communis
943 3808 1185 3875 autem
1236 3802 1485 3902 opinio
1538 3810 1656 3876 est
1676 3855 1698 3896 ,
1747 3805 1823 3875 in
1861 3802 2096 3901 prima
2133 3797 2378 3876 classe
2423 3795 2560 3872 has
2599 3800 2966 3898 impensas
3009 3799 3366 3875 collocari
3409 3807 3783 3901 oportere.

498 3939 672 4016 Hoc
721 3948 962 4018 autem
1012 3940 1475 4041 privilegium
1522 3960 1674 4013 non
1726 3945 1871 4014 tam
1923 3941 2196 4018 actioni
2217 3992 2239 4033 ,
2289 3961 2500 4040 quam
2547 3940 2732 4041 ipsis
2771 3941 3114 4039 impensis
3155 3961 3587 4017 eoncessum
3625 3947 3785 4032 est,

582 4279 701 4355 33)
737 4280 996 4354 Steeoyc
1035 4278 1112 4338 de
1138 4281 1252 4338 act.
1275 4279 1409 4338 fun.
1446 4279 1606 4337 Jena
1629 4277 1812 4338 169⁰.
1896 4275 2211 4337 &ratanza
2249 4292 2462 4353 opuse-
2491 4278 2667 4338 ποιά.
2710 4275 2824 4338 No.
2852 4277 2910 4336 θ.
2987 4275 3192 4335 θῖῦσΙε
3230 4281 3372 4336 tom.
3397 4277 3508 4338 XL
3536 4276 3608 4351 S.
3636 4277 3782 4340 772.

583 4402 701 4479 34)
750 4403 916 4462 Theb.
960 4402 1024 4478 9.
1068 4404 1210 4462 639.
1291 4372 1751 4460 Bnmitemanu
1789 4401 1868 4461 ad
1908 4403 1988 4461 fr.
2027 4401 2129 4462 44.
2170 4401 2305 4463 eod.
2346 4403 2650 4476 (ἔπριον.
2694 4419 2751 4478 p.
2792 4401 2852 4460 h.
2896 4405 3088 4460 const.
3131 4398 3230 4461 26.
3274 4402 3404 4461 dec.
3445 4401 3504 4464 7.

583 4524 702 4601 85)
743 4526 943 4605 Str-yle
982 4526 1055 4585 L.
1097 4526 1199 4584 11.
1240 4528 1283 4583 t.
1325 4521 1385 4582 7.
1430 4521 1497 4599 9.
1535 4523 1638 4583 42.

586 4645 706 4722 36)
747 4647 1012 4707 Habner
1048 4646 1128 4706 de
1167 4645 1507 4710 minuendis
1545 4648 1747 4707 mer.
1787 4649 2008 4722 sumpt.

976 5612 985 5621 .

21 5660 24 5687 l

26 5713 27 5726 ς
216 5709 225 5722 0

19 5745 34 5800 ἓ
54 5721 4445 6002 —

21 5968 24 5983 Ι

21 5988 24 5999 .
