4782 6002
1841 384 2335 455 -21-

445 577 611 657 Sed
661 578 839 654 illae
887 583 1167 653 tautum
1214 578 1586 675 impensae
1613 631 1635 669 ‚
1702 600 1916 675 quae,
1959 576 2494 653 convenienter
2559 579 2879 676 apteque
2926 573 3176 650 factae
3225 584 3397 652 sunt
3421 628 3443 670 ‚
3509 578 3732 654 resti-

446 709 782 810 tuuntur,
836 718 1121 792 etiamsi
1163 737 1597 815 prosperum
1634 738 2057 793 successum
2096 738 2245 790 non
2286 713 2721 822 habuerunt.
2802 714 2938 788 Fr.
2972 718 3019 787 9
3051 724 3137 824 S·
3181 720 3228 789 6
3268 715 3365 790 D.
3409 715 3505 793 de
3545 716 3732 794 adm.
3813 682 3841 696 ⁹

442 863 575 930 tut.
631 859 811 949 (26,
861 859 970 948 7).
1050 853 1141 927 fr.
1193 856 1242 927 3
1292 878 1404 955 pr.
1474 863 1545 942 §-
1601 859 1647 927 7
1696 855 1792 926 D.
1862 853 1961 929 de
2028 861 2264 936 contr.
2332 862 2466 929 tut.
2533 861 2612 928 et
2660 861 2741 928 ut
2789 862 2932 931 act.
2988 859 3169 950 (27,
3205 859 3318 950 4).
3439 856 3733 933 Usurae

445 1016 735 1092 quoque
789 992 883 1067 ob
935 996 1301 1093 impensas
1350 1018 1399 1066 a
1445 999 1691 1069 tutore
1740 998 1895 1092 peti
1947 1004 2299 1092 possunt,
2367 1000 2434 1070 si
2500 995 2704 1070 nulla
2770 996 3029 1095 pupilli
3094 1000 3408 1095 pecunia
3455 995 3732 1090 adfuit,

445 1139 752 1234 ipseque
804 1133 900 1208 ob
955 1131 1146 1208 hanc
1186 1155 1338 1228 rem
1377 1136 1621 1208 usuris
1663 1136 1946 1226 caruit,
1995 1132 2091 1206 fr.
2133 1138 2223 1223 3,
2274 1137 2497 1207 1-—6
2536 1134 2634 1206 D.
2679 1137 2811 1227 27,
2853 1137 2948 1228 43
3003 1135 3454 1234 solummodo
3495 1143 3738 1212 autem

443 1297 715 1350 usurae
767 1276 843 1346 iu
893 1281 1138 1364 terra,
1213 1273 1341 1348 ubi
1390 1279 1590 1347 tutor
1641 1271 2078 1347 domicilium
2127 1297 2334 1346 suum
2398 1270 2662 1366 habet,
2739 1283 3144 1348 consuetae
3207 1276 3732 1366 restituuntur,

444 1417 585 1488 nisi
652 1419 851 1486 tutor
916 1410 1293 1509 grandiori
1358 1410 1620 1487 fenore
1672 1414 2052 1511 pecuniam
2102 1434 2471 1511 occupare
2525 1421 2831 1489 coactus
2883 1407 3091 1489 erat.
3191 1413 3434 1488 Tutor
3484 1421 3610 1488 aut
3660 1415 3735 1487 in

449 1553 852 1629 rationibus
903 1552 1427 1652 componendis
1478 1574 1917 1653 compensae
1965 1560 2262 1651 potest,
2318 1560 2446 1628 aut
2493 1556 2602 1627 uti
2650 1558 2944 1630 actione
2993 1553 3274 1630 tutelae
3327 1556 3733 1644 contraria,

448 1699 524 1767 ut
574 1696 946 1790 impensae
998 1693 1134 1789 ipsi
1190 1695 1690 1796 restituantur.
1788 1690 1920 1764 Fr.
1973 1693 2006 1762 1
2078 1701 2150 1779 S.
2193 1695 2242 1766 4
2291 1691 2386 1765 D.
2443 1696 2570 1786 27,
2603 1695 2674 1765 4.
2774 1685 3031 1767 Const.
3087 1695 3134 1763 2
3186 1687 3378 1766 cod.
3432 1694 3558 1783 (5,
3592 1694 3731 1782 44)

448 1828 708 1908 Const.
761 1835 809 1903 3
864 1827 1055 1906 Cod.
1110 1828 1206 1905 de
1256 1838 1487 1906 contr.
1532 1829 1694 1931 jud.
1752 1838 1879 1904 tut.
1937 1833 2062 1924 (5,
2098 1836 2260 1926 58).
2376 1833 2607 1909 Actio
2662 1834 2940 1910 tutelae
2992 1836 3363 1909 contraria
3410 1835 3734 1907 curatori

448 1993 737 2068 quoque
790 1992 1150 2044 concessa
1202 1976 1355 2064 est,
1406 1973 1511 2043 ita
1560 1977 1680 2061 ut,
1734 1992 1894 2045 cum
1949 1977 2148 2044 tutor
2197 1970 2339 2047 hac
2387 1975 2683 2047 actione
2734 1971 3185 2047 solummodo
3237 1971 3441 2045 finIto
3483 1968 3732 2045 officio

447 2114 551 2185 uti
602 2113 877 2209 possit,
932 2120 1231 2187 curator
1282 2109 1522 2185 adhuc
1575 2108 1896 2185 durante
1936 2109 2224 2202 officio,
2299 2115 2674 2210 quominus
2725 2118 2944 2210 agat,
3016 2133 3162 2183 non
3212 2109 3729 2208 prohibeatur,

448 2253 539 2327 fr.
601 2256 635 2327 1
691 2261 763 2340 s.
818 2257 885 2324 2.
940 2255 1009 2325 3.
1064 2252 1158 2324 D.
1215 2256 1351 2345 27,
1407 2256 1499 2345 4,
1554 2260 1670 2346 est
1720 2261 1961 2328 autem
2013 2251 2201 2326 haec
2252 2254 2448 2326 actio
2477 2305 2496 2342 ,
2553 2273 2741 2348 quae
2793 2252 3113 2326 curatori
3146 2255 3526 2325 'concessa
3575 2250 3729 2335 est,

447 2395 642 2467 actio
693 2393 942 2484 utilis3
994 2399 1072 2464 at
1123 2399 1422 2466 curator
1473 2394 1690 2466 etiam
1741 2396 2033 2466 actione
2085 2396 2547 2490 negotiorum
2587 2399 2963 2489 gestorum
3014 2391 3117 2462 uti
3164 2395 3433 2487 potest.
3534 2383 3732 2460 Pro-

449 2534 669 2607 tutori
719 2535 917 2606 actio
966 2532 1384 2631 protutelae
1437 2555 1796 2606 concessa
1848 2539 1984 2606 est.
2678 2611 2685 2624 ὅ

646 2669 785 2742 His
836 2670 1245 2764 actionibus
1294 2670 1463 2743 illas
1515 2693 1805 2768 quoque
1859 2679 2118 2768 petere
2168 2677 2419 2771 potest
2471 2674 2831 2770 impensas
2882 2676 3082 2743 tutor
3107 2720 3128 2759 ,
3185 2690 3363 2764 quas
3414 2661 3731 2740 nondum
3792 2713 3807 2728 .

448 2774 792 2907 suscepto
848 2812 1108 2882 tutoris
1159 2808 1451 2900 officio,
1530 2818 1607 2884 et
1659 2833 1839 2907 quas
1888 2808 2093 2884 finito
2147 2808 2396 2884 officio
2447 2807 2755 2886 fecerat.
2855 2806 2987 2879 Fr.
3040 2810 3089 2878 3
3147 2814 3218 2892 S.
3271 2808 3342 2876 8.
3394 2803 3487 2878 fr.
3537 2806 3587 2875 5
3631 2800 3726 2874 D.

451 2946 544 3025 de
596 2954 829 3023 contr.
883 2955 1013 3022 tut.
1066 2956 1209 3024 act.
1264 2952 1437 3042 (27,
1480 2952 1593 3042 4).
1917 2921 1923 2926 ’
2533 2920 2563 2948 ”
2831 2928 2837 2934 ’

1945 3243 2042 3322 s.
2100 3238 2217 3309 21.

1167 3372 1318 3469 16)
1415 3375 1516 3450 In
1564 3375 1904 3450 doctrina
1955 3375 2046 3449 de
2097 3338 2593 3471 communione
2640 3373 3004 3449 incidenti.

649 3518 736 3589 In
785 3520 1283 3592 communione
1333 3516 1686 3592 incidenti
1733 3520 2121 3614 unicuique
2170 3521 2544 3616 impensae
2593 3517 3066 3591 necessariae
3137 3518 3214 3585 et
3278 3509 3497 3584 utiles
3546 3530 3729 3584 con-

453 3658 838 3733 venienter
886 3665 1202 3756 apteque
1252 3656 1536 3749 factae,
1571 3656 1807 3730 ‚nulla
1871 3679 2266 3730 successus
2303 3659 2603 3731 -ratioue
2654 3653 2942 3746 habita,
3013 3673 3151 3750 pro
3205 3658 3370 3724 rata
3419 3647 3510 3723 ab
3563 3648 3729 3722 aliis

457 3799 952 3871 restituuntur.
1055 3798 1185 3871 Fr.
1237 3802 1306 3905 4.
1338 3807 1410 3886 3.
1450 3801 1520 3872 3.
1571 3798 1660 3870 fr.
1716 3802 1809 3871 14
1858 3808 1928 3885 §-
1980 3803 2013 3869 1
2069 3797 2165 3870 D.
2219 3774 2449 3889 comm
2500 3794 2651 3869 div.
2705 3796 2881 3886 (10,
2916 3796 3029 3884 3).
3115 3787 3375 3871 Const.
3426 3792 3518 3862 18
3567 3796 3638 3875 S.
3690 3792 3725 3859 1

454 3930 648 4029 Cod.
699 3933 865 4009 fam.
911 3934 1115 4010 herc.
1171 3940 1296 4028 (3,
1341 3939 1506 4030 36).
1605 3936 1897 4010 Usurae
1951 3939 2168 4010 etiam
2220 3904 2266 4010 a
2316 3946 2687 4034 tempore,
2742 3956 2885 4031 quo
2936 3930 3185 4005 factae
3234 3934 3402 4001 sunt
3453 3930 3732 4026 impen-

453 4098 626 4164 sae,
682 4073 843 4151 dari
889 4076 1158 4150 solent.
1262 4075 1425 4150 Uno
1478 4076 1767 4173 quidem
1817 4100 2000 4152 casu
2047 4038 2374 4176 excepto
2422 4074 2693 4169 nullam
2741 4073 2883 4146 hac
2932 4070 3030 4146 de
3073 4093 3158 4144 re
3205 4068 3447 4166 legem
3499 4067 3729 4142 habe-

454 4181 1050 4309 mus‚‘habemus
1102 4220 1360 4317 autem·
1393 4214 1825 4312 analogiam.
1951 4212 2192 4291 Casus
2243 4215 2372 4288 ille
2425 4208 2640 4287 modo
2694 4215 3136 4285 memoratus
3187 4216 3304 4282 est
3351 4206 3517 4280 hic:
3581 4205 3731 4279 Im-

453 4375 732 4451 pensae
783 4354 1099 4429 aedificii
1152 4358 1543 4430 communis
1587 4354 2054 4430 restaurandi
2105 4377 2332 4430 causa
2397 4351 2645 4426 factae
2713 4351 3098 4445 unicuique
3167 4350 3359 4419 intra
3425 4355 3734 4442 quatuor

453 4513 745 4566 menses
798 4516 959 4567 cum
1007 4498 1250 4567 usuris
1301 4496 1716 4570 centesimis
1766 4497 2244 4569 restituantur
2288 4496 2622 4591 oportet,
2674 4486 2996 4583 alioquin
3048 4488 3150 4577 is,
3207 4487 3326 4589 qui
3367 4464 3733 4594 impensas

453 4629 635 4705 fecit
660 4683 680 4722 ,
753 4634 1009 4706 unicus
1075 4632 1158 4706 fit
1221 4632 1511 4709 aedifici
1579 4612 1970 4724 dominus,
2014 4636 2154 4706 nisi
2215 4621 2299 4707 se
2367 4628 2630 4704 damno
2681 4614 2923 4701 levari
2972 4623 3327 4726 praefert.
3450 4622 3584 4737 Fr.
3635 4624 3734 4694 52

457 4756 528 4855 S.
589 4771 682 4842 10
728 4768 826 4843 D.
879 4792 1017 4870 pro
1069 4773 1277 4846 socio
1329 4775 1506 4865 (17,
1550 4777 1661 4866 2).
1765 4767 2025 4846 Coust.
2078 4773 2129 4843 4
2180 4766 2371 4845 Cod.
2428 4764 2525 4843 de
2550 4763 2797 4887 ffffif·
2854 4766 3041 4865 priv.
3095 4765 3220 4856 (8,
3274 4763 3428 4855 10).
