4782 6002
2439 399 2531 476 10

788 652 1007 720 *natus
1054 662 1297 730 causa,
1352 590 1497 716 sed.
1527 644 1764 732 etiami,
1818 639 1992 736 quod
2044 641 2408 720 suomi-rte
2460 597 2778 720 semitae
2830 644 3004 718 rau'o
3049 651 3125 713 et
3176 642 3464 737 dignitas
3511 642 3579 716 id
3647 641 4139 737 quodammodo

819 779 1157 877 postulare
1209 777 1577 856 videbatur.

1028 918 1524 1013 Theologorum
1576 919 1851 994 scicntia
1905 916 2363 992 scholasticam
2414 915 2841 1012 sequebatur.

1942 1637 1951 1650 ἢ
2009 1473 2518 1638 Perludus
2595 1475 2946 1584 altera

1020 1750 1190 1823 quae
1244 1711 1373 1802 uon
1427 1726 1642 1820 solum
1691 1727 2032 1808 scientiam
2103 1723 2225 1806 sed
2292 1729 2504 1808 etiam
2541 1708 2778 1806 statum
2849 1725 3184 1820 politicum
3255 1724 3624 1800 reformare
3673 1724 3940 1800 studuit.

1026 1970 1173 2042 Jam
1228 1990 1431 2066 quae·
1452 1970 1717 2044 mutatio
1772 1961 1892 2038 sub
1949 1925 2190 2036 Ottoue
2217 1965 2506 2037 ilenrico
2561 1988 2735 2090 anuo
2791 1965 3135 2038 millesimo
3201 1969 3728 2061 quingentesimo
3785 1969 4124 2064 quinqua-

817 2110 1077 2208 gesimo
1131 2117 1372 2179 octavo
1426 2075 1600 2178 facta
1653 2113 1794 2198 est
1850 2109 1953 2206 cui
2006 2100 2317 2174 nonnulla
2369 2114 2624 2212 postea
2628 2126 2802 2186 anuo
2858 2127 2940 2175 ιιι.
2996 2129 3055 2200 q.
3111 2107 3601 2200 septuagesimo
3629 2109 3854 2204 quinto
3882 2127 4129 2177 acces-

822 2253 1090 2332 serunt,
1146 2268 1225 2316 ea
1281 2246 1644 2318 accuratius
1700 2241 1887 2362 nobis
1940 2240 2347 2366 inspicienda
2403 2243 2545 2316 erit.
2652 2242 2759 2326 Ac
2810 2246 2969 2315 satis
3023 2245 3195 2314 inter
3247 2265 3493 2318 omnes
3553 2253 3852 2334 constat,
3920 2253 4131 2340 typo-

820 2382 1135 2482 graphica
1190 2391 1332 2454 arte
1384 2384 1653 2456 inventa
1707 2403 2014 2510 maguam
2070 2383 2357 2451 omnium
2414 2401 2635 2451 rerum
2688 2380 2969 2475 indeque
3005 2381 3200 2484 etiam
3252 2381 3587 2454 literarum
3641 2391 3709 2453 et
3760 2380 4126 2456 studiorum

820 2525 1244 2594 mutationem
1300 2538 1455 2596 esse
1509 2517 1794 2609 allatam,
1849 2518 2016 2648 adeo
2044 2526 2114 2588 ut
2167 2516 2312 2589 libri
2368 2520 2543 2616 typis
2598 2521 2900 2616 expressi
2956 2541 3116 2590 mox
3143 2541 3208 2590 m
3236 2520 3461 2591 locum
3514 2518 3832 2596 librorum
3888 2542 4132 2594 mauu·
4163 2550 4186 2560 ’

821 2661 1212 2758 scriptorum
1294 2656 1647 2749 cederent,
1721 2659 1830 2776 qui
1917 2635 2041 2752 ipsi
2110 2656 2417 2754 paulatim
2488 2658 2909 2764 interierunt,
3000 2678 3148 2727 cum
3231 2679 3367 2730 non
3437 2658 3712 2754 amplius
3783 2656 4134 2762 describe-

820 2805 1081 2888 rentur3
1147 2817 1273 2868 uec
1325 2799 1600 2886 mirum,
1652 2817 1978 2922 tmaguam
2040 2817 2303 2902 quoque
2354 2795 2418 2868 id
2492 2797 2625 2882 vim
2681 2799 3071 2931 egercuisse
3123 2799 3190 2869 in
3263 2776 3740 2869 Universitates
3812 2817 4125 2867 omnem-

823 2956 953 3035 que
1005 2933 1366 3011 studiorum
1421 2937 1782 3024 rationem,
1835 2956 2006 3030 quae
2059 2932 2185 3017 hoc
2239 2933 2390 3009 loco
2447 2917 2712 3009 uberius
2765 2937 3075 3033 persequi
3112 2955 3246 3008 nou
3283 2944 3512 3007 vacat:
3567 2933 3634 3007 id
3687 2957 3884 3007 uuum
3937 2934 4134 3023 uobis

822 3074 1221 3147 monendum
1251 3083 1388 3163 est,
1433 3076 1545 3167 jus
1565 3042 1978 3181 Caponicum
2009 3071 2154 3144 fere
2183 3072 2555 3183 neglectum
2586 3094 2757 3144 esse.
2838 3073 2989 3145 Otto
3017 3075 3388 3146 Henricus
3369 3097 3436 3145 ιιι
3465 3074 3940 3163 reformatione
3977 3074 4132 3145 anui

823 3234 911 3284 ιιι
940 3234 1002 3306 q.
1033 3214 1551 3308 quinquagesimi
1589 3214 1806 3283 octavi
1836 3170 2163 3341 duplicem
2182 3210 2813 3325 Jurisconsultorum
2843 3211 3257 3306 facultatem,
3312 3214 3692 3311 canonicam
3749 3222 3816 3282 et
3866 3211 4133 3306 legisti-

828 3373 976 3425 cam
1031 3351 1323 3439 sustulit,
1380 3371 1601 3477 ecque
1646 3349 1926 3479 studium
1973 3334 2157 3451 juris
2178 3348 2496 3459 Cauouici
2535 3324 2744 3451 plaue
2799 3354 3196 3449 suppressit:
3253 3350 3351 3423 his
3404 3349 3631 3423 verbis

1237 3490 1516 3561 wiewol
1570 3466 1772 3597 unsre
1828 3460 2190 3615 νοιΐιιίιιθιι
2264 3448 2447 3559 diese
2503 3485 2621 3556 der
2664 3486 3225 3582 juristenfakultat
3292 3491 3361 3565 in
3433 3510 3635 3582 τινε)
3690 3488 3878 3559 Theil
3932 3499 4132 3569 nam-

1236 3627 1362 3697 lich
1417 3626 1535 3699 das
1590 3596 1977 3698 canonicum
2014 3586 2198 3697 oder
2247 3624 2550 3718 geistlich
2602 3623 2815 3696 Recht
2881 3626 3013 3697 und
3067 3625 3185 3700 das
3243 3625 3531 3698 weltlich
3585 3626 3780 3698 civile
3839 3635 4133 3720 genannt

1239 3763 1743 3837 unterscheiden
1796 3763 1927 3835 und
1981 3762 2255 3856 getheilt
2315 3803 2399 3813 —
2461 3785 2538 3834 so
2591 3761 2808 3834 haben
2864 3767 2992 3835 wir
3052 3763 3224 3835 doch
3276 3762 3658 3857 angesehen
3708 3774 4132 3859 gegeuwar-

1235 3908 1411 3997 tiger
1456 3896 1852 3992 'Zeithuftcg
1884 3903 2338 3997 ·0bgenanme
2389 3900 2587 3974 beate
2640 3900 2846 3972 Stiick
2898 3920 3611 3995 zusammengezogen.

1035 4057 1237 4129 Addit
1288 4056 1459 4131 idem
1670 4048 1677 4055 ’
1754 4056 1759 4065 ’
2118 4050 2123 4067 ’
2200 4056 2207 4067 ’
2295 4052 2315 4067 ”
2563 4058 2570 4069 '
4063 4150 4072 4161 ι

1235 4217 1385 4266 wer
1436 4192 1915 4327 (ιιιιιΐιιεειιι)
1927 4174 2039 4267 eiu
2062 4186 2368 4321 auderes
2421 4193 2607 4266 lesen
2664 4194 2933 4313 wollte‚
2987 4186 3086 4265 als
3140 4193 3499 4266 secundum
3542 4193 3968 4267 decretalium
4035 4234 4122 4246 ψ·-

1239 4334 1392 4405 dass
1436 4355 1524 4447 er
1540 4333 1891 4448 splches
1895 4356 2109 4448 zuvop
2161 4331 2440 4406 Decano
2495 4343 2562 4407 et
2611 4298 2904 4407 facultati
2923 4331 3258 4429 juridicae
3313 4332 3417 4407 die
3444 4300 3717 4406 solchen
3770 4357 3853 4404 zu
3889 4343 4132 4406 erwa-

1235 4495 1370 4563 gen
1421 4470 1555 4544 und
1607 4495 1690 4543 zu
1728 4468 2159 4571 bedenken„
2192 4469 2282 4563 ab,
2332 4491 2407 4541 es
2457 4468 2736 4683 nuzjiqh
2751 4466 2878 4677 ιιμιί
2906 4469 3082 4551 ohne
3107 4469 3492 4565 Verlezuug
3544 4493 3825 4563 unserer
3877 4470 4130 4547 christ-
4259 4456 4264 4479 '

1204 4608 1487 4691 lichena
1498 4609 1839 4704 Religion
1848 4609 2217 4700 hautepen.
2226 4620 2500 4703 mbae..
