4782 6002
955 283 1055 354 52
1105 288 1177 368 5.
1221 282 1272 353 4
1320 301 1458 379 pro
1510 281 1720 355 socio
1772 280 1947 370 (17,
1980 279 2119 370 2),
2169 278 2241 350 ei
2297 277 2416 371 qui
2467 278 2833 374 impensas
2883 274 3115 366 fecit,
3163 276 3708 351 etiamnsurae
3757 273 4047 352 dantur.
4116 277 4245 353 Fr.

956 424 1055 495 67
1104 428 1176 509 5.
1221 423 1269 494 2
1318 420 1414 494 D.
1463 441 1602 519 pro
1653 420 1861 493 socio
1917 419 2097 510 (17,
2150 419 2263 507 2).

2483 624 2551 702 5.
2609 613 2720 685 17.

1728 753 1888 848 12)
1987 718 2087 858 Iti
2137 752 2484 829 doctrina
2533 754 2625 830 de
2675 752 3009 827 mcmdati
3057 759 3472 828 contractu.

1157 892 1429 969 Omnes
1480 895 1852 992 impensae
1905 918 1951 966 a
1998 891 2453 967 mandatario
2507 915 2608 968 ex
2662 902 2923 968 natura
2973 896 3252 990 negotii
3318 916 3459 992 pro
3509 892 3899 970 mandante
3960 893 4244 989 factae,

961 1060 1008 1109 a
1057 1032 1446 1108 mandante
1500 1031 1954 1106 mandatario
2008 1010 2481 1132 praestentur
2531 1040 2850 1132 oportet.
2953 1032 3077 1106 Ab
3128 1012 3482 1106 omnibus⁶
3512 1056 3800 1130 quoque
3845 1034 4248 1132 obligatio-

957 1171 1202 1265 nibus,
1259 1196 1440 1270 quas
1492 1195 1626 1271 pro
1680 1170 2066 1246 mandante
2114 1174 2326 1245 inivit
2377 1182 2454 1246 et
2499 1175 2865 1271 suscepit,
2916 1169 3360 1245 liberandus
3388 1180 3504 1246 est
3545 1170 4060 1247 mandatarius.
4116 1171 4245 1247 Fr.

957 1290 1058 1389 45
1108 1325 1181 1405 5.
1232 1320 1304 1392 5.
1376 1315 1469 1390 fr.
1523 1317 1622 1388 26
1674 1324 1745 1402 5.
1796 1318 1867 1388 4.
1923 1318 1990 1388 7.
2043 1313 2280 1389 mand.
2337 1317 2516 1407 (17,
2564 1316 2671 1406 1).
2740 1310 2829 1384 fr.
2890 1313 2982 1383 12
3033 1308 3199 1385 eod.
3320 1310 3457 1385 Sin
3520 1309 4015 1385 mandatarius
4065 1312 4246 1387 fines

956 1459 1238 1553 negotii
1287 1454 1861 1553 transgreditur,
1914 1453 2093 1529 nihil
2146 1458 2214 1529 ei
2267 1480 2312 1529 a
2362 1452 2750 1528 mandante
2805 1449 3334 1526 restituendum
3385 1460 3524 1526 est.
3629 1449 3759 1524 Fr.
3816 1455 3935 1523 21.
3989 1451 4080 1524 sr.
4124 1454 4244 1525 33.

957 1594 1049 1668 fr.
1083 1597 1132 1667 3
1177 1603 1248 1682 5.
1282 1593 1413 1668 ult.
1465 1593 1559 1667 fr.
1597 1598 1649 1667 8
1696 1593 1768 1669 h.
1800 1601 1849 1667 t.
1895 1598 2071 1686 (17,
2117 1598 2219 1687 1).
2322 1594 2707 1692 Impensae
2748 1615 2910 1669 cum
2951 1595 3193 1667 usuris
3237 1594 3455 1667 etiam
3497 1591 4000 1667 restituendae
4039 1604 4245 1685 sunt,

958 1737 1023 1809 si
1074 1735 1260 1808 alias
1310 1733 1803 1808 mandatarius
1852 1759 2118 1808 usuras
2169 1736 2525 1832 consequi
2579 1738 2836 1835 potuit.
2884 1732 2987 1827 ²⁸)
3089 1733 3219 1807 Fr.
3277 1735 3371 1805 lo
3421 1741 3492 1821 5.
3530 1736 3599 1806 9.
3652 1731 3744 1806 fr.
3796 1737 3887 1807 12
3939 1744 4010 1822 5.
4052 1738 4101 1807 9
4153 1735 4244 1808 D.

822 1955 827 1959 ,
957 1871 1029 1947 h.
1086 1880 1139 1945 t.
1193 1867 1454 1946 Const.
1510 1874 1609 1944 20
1657 1881 1728 1960 5.
1796 1875 1830 1946 1
1899 1869 2091 1949 Cod.
2144 1871 2379 1947 mand.
2436 1876 2558 1967 (4,
2602 1877 2767 1967 35).
2887 1872 3079 1947 Tum
3142 1846 3434 1970 quoque
3503 1882 3671 1946 sunt
3739 1873 4244 1948 restituendae

957 2018 1363 2113 impensae,
1416 2015 1481 2087 si
1534 2014 1889 2090 inutiliter
1939 2023 2016 2091 et
2065 2014 2343 2088 frustra
2381 2014 2631 2092 factae
2672 2021 2840 2087 sunt
2861 2068 2882 2105 ,
2937 2012 3319 2087 dummodo
3366 2012 3851 2086 m‘andatarius
3894 2012 4245 2087 conside-

958 2160 1122 2229 rate
1177 2176 1269 2228 ac
1319 2153 1656 2230 consulte
1709 2157 1969 2253 egerit.
2071 2152 2159 2227 ld
2212 2164 2453 2229 autem
2506 2150 2897 2229 tenendum
2923 2206 2943 2244 ,
2996 2149 3450 2226 solummodo
3494 2154 3853 2249 impensas
3896 2148 3994 2224 ad
4033 2175 4242 2225 man-

959 2292 1205 2397 datum
1254 2294 1447 2369 bene
1498 2293 2024 2370 conficiendum
2078 2297 2542 2370 necessarias
2594 2295 2887 2367 actione
2939 2289 3257 2364 mandati
3309 2292 3462 2391 peti
3507 2311 3773 2388 posse3
3827 2288 3922 2362 ob
3967 2292 4244 2389 impen-

958 2456 1083 2506 sas
1133 2432 1351 2511 utiles
1401 2437 1861 2530 negotiorum
1915 2442 2286 2540 gestorum
2340 2441 2535 2514 actio
2591 2453 2952 2508 concessa
3005 2440 3136 2502 est.

2470 2642 2542 2721 5.
2607 2633 2723 2703 18.

1382 2862 1395 2873 ,
1714 2772 1871 2867 13)
1972 2771 2071 2847 In
2120 2773 2472 2849 doctrina.
2513 2773 2604 2848 de
2651 2776 3108 2872 neyotiorum
3145 2776 3498 2873 qestione.

1155 2907 1538 3009 Impensas
1588 2934 1635 2984 a
1683 2916 2147 3010 negotiorum
2198 2922 2505 3012 gestore
2560 2912 2800 2987 factas
2854 2910 3183 2987 dominus
3211 2910 3631 2987 'restituere
3685 2907 3922 2987 debet.
4007 2907 4137 2981 Fr.
4174 2912 4243 2980 2.

958 3048 1051 3123 fr.
1102 3052 1200 3123 45
1250 3074 1360 3150 pr.
1413 3049 1508 3123 D.
1561 3050 1633 3126 h.
1686 3059 1738 3125 t.
1794 3056 1919 3145 (3,
1953 3056 2066 3147 5).
2119 3052 2208 3129 fr.
2262 3057 2379 3128 28.
2433 3058 2553 3129 35.
2608 3053 2776 3130 eod.
2891 3053 3077 3132 Inde
3130 3058 3348 3130 etiam
3397 3052 3490 3127 ab
3546 3050 4119 3150 obligationibus
4169 3052 4242 3122 in

956 3191 1148 3268 hunc
1189 3191 1401 3266 finem
1443 3197 1810 3292 susceptis
1847 3193 2273 3271 liberandus
2317 3205 2436 3273 est
2468 3203 2926 3298 negotiorum
2972 3208 3269 3297 gestor,
3314 3196 3406 3272 fr.
3443 3203 3489 3270 2
3529 3194 3694 3273 eod.
3742 3197 3986 3294 operis
4025 3215 4239 3282 vero,

953 3331 1235 3406 laboris
1277 3339 1351 3406 et
1390 3331 1883 3412 molestiarum
1925 3342 2581 3416 remunerationem
2623 3343 3081 3438 negotiorum
3129 3346 3389 3437 gestor
3423 3346 3683 3438 petere
3717 3336 3990 3431 nequit.
4065 3329 4244 3406 Om-

955 3481 1088 3546 nes
1138 3473 1511 3570 impensae
1562 3473 2033 3550 considerate
2086 3485 2161 3550 et
2211 3483 2745 3557 convenienter
2790 3481 3041 3557 factae
3082 3477 3588 3556 restituendae
3627 3483 3834 3568 sunt,
3891 3499 4104 3573 quum
4157 3497 4244 3548 ea

957 3632 1245 3707 quoque
1283 3610 1562 3686 utiliter
1603 3610 1806 3689 facta
1846 3613 2256 3691 habeantur
2280 3671 2301 3709 ,
2357 3642 2546 3716 quae
2594 3645 2694 3697 ex
2734 3621 3121 3697 voluntate
3164 3618 3434 3694 domini
3483 3617 3920 3694 factasunt.
3973 3614 4103 3690 Fr.
4146 3616 4238 3686 31

956 3756 1028 3835 5.
1082 3751 1133 3821 4
1182 3748 1252 3822 h.
1304 3757 1356 3860 t.
1410 3749 1501 3825 fr.
1561 3753 1656 3825 10
1703 3752 1799 3827 D.
1852 3733 2033 3829 eod.
2152 3751 2318 3843 Qua
2373 3754 2468 3833 de
2519 3780 2747 3834 causa
2794 3759 3316 3859 voluptuariae
3366 3763 3740 3856 impensae
3792 3776 4242 3852 nequaquam

953 3890 1455 3964 restituuntur.
1507 3888 1640 3965 Fr.
1674 3878 1772 3966 2⁷
1811 3918 1918 3992 pr.
1950 3894 2044 4004 D.
2092 3893 2163 3968 h.
2207 3903 2257 3967 t.
2304 3898 2586 3994 (225).
2635 3899 2727 3973 fr.
2772 3903 2820 3972 3
2863 3908 2934 3988 5.
2976 3903 3027 3973 4
3058 3898 3154 3972 D.
3200 3897 3296 3975 de
3333 3903 3408 3972 in
3451 3921 3603 3971 rem
3646 3917 3874 3972 verso
3910 3896 4072 3985 (15,
4104 3894 4250 3984 ἔθ’,

953 4051 1141 4125 quae
1191 4031 1457 4130 regula
1497 4027 1761 4109 eodem
1801 4035 2020 4111 modo
2061 4038 2136 4111 in
2179 4041 2531 4115 versione
2573 4042 2650 4113 in
2695 4062 2847 4115 rem
2890 4035 3286 4114 secundum
3326 4037 3737 4134 analogiam
3779 4033 4243 4130 negotiorum
4347 4107 4358 4125 ,

952 4176 1326 4265 gestorum
1362 4171 1757 4251 servatur.
1876 4174 2009 4251 Fr.
2069 4179 2161 4252 17
2220 4204 2329 4278 pr.
2385 4176 2481 4254 de
2534 4181 2608 4253 in
2657 4202 2810 4254 rem
2862 4201 3088 4252 verso
3141 4178 3321 4271 (15,
3355 4177 3470 4269 3).
3589 4174 3930 4273 Negotio
4000 4178 4244 4245 autem

953 4329 999 4381 a
1048 4305 1338 4383 domino
1378 4313 1792 4412 approbato
1813 4367 1835 4408 ,
1888 4339 2138 4393 omnes
2183 4321 2689 4420 cujuscunque
2730 4321 3028 4419 generis
3068 4320 3441 4420 impensae
3483 4311 3991 4393 restituendae
4031 4315 4242 4398 sunt3

1079 4616 1194 4692 88)
1248 4619 1648 4696 Lumen-bach
1687 4622 1753 4698 5.
1795 4624 1899 4684 37.
