4782 6002
1834 438 2280 512 ...7.-

412 631 508 704 Β.
561 627 659 705 de
708 631 874 729 imp.
927 630 1002 702 in
1053 651 1178 705 res
1229 625 1381 703 dot.
1432 630 1611 722 (25,
1662 632 1765 722 1).
1830 630 1932 724 ¹⁰)
2052 631 2216 710 Sed
2277 658 2458 710 usus
2518 635 2666 712 fori
2730 637 3131 720 hodiernus
3197 643 3553 732 actionem
3620 647 3696 719 in

409 768 684 844 factum
736 764 1082 843 concedit
1131 763 1544 842 detrinenti
1597 771 2170 851 reconciunandi
2219 797 2467 852 causa.

1959 1057 2034 1138 ς.
2084 1056 2156 1126 5.

563 1271 570 1278 ,
608 1188 1016 1266 Videamus
1066 1211 1296 1281 nunc,
1376 1188 1740 1287 quomodo
1789 1213 1922 1284 ea,
1994 1215 2186 1289 quae
2252 1191 2350 1268 de
2400 1194 2728 1272 omnibus
2774 1198 3124 1296 impensis
3177 1197 3490 1276 diximus
3536 1227 3696 1276 mu-

412 1335 569 1410 tata
622 1340 843 1429 atque
896 1334 1244 1406 restricta
1290 1333 1489 1405 sint:

1382 1470 1479 1562 1)
1579 1469 1680 1546 In
1727 1472 2072 1547 doctrina
2119 1471 2211 1548 de
2255 1476 2744 1570 possessione.

606 1612 693 1685 In
746 1608 1083 1685 doctrina
1133 1608 1228 1684 de
1277 1612 1753 1710 possessione
1793 1610 1983 1687 haec
2030 1610 2127 1686 de
2177 1615 2523 1710 impensis
2579 1611 2900 1688 tenenda
2950 1623 3168 1689 sunt:

607 1749 704 1842 1)
754 1748 1152 1847 Impensae
1199 1754 1701 1838 necessariae,
1769 1751 1930 1826 sine
1997 1750 2152 1825 ullo
2212 1752 2406 1825 inter
2455 1749 2695 1825 bonae
2748 1758 2825 1826 et
2874 1753 3112 1827 malae
3165 1750 3339 1828 fidei
3387 1775 3693 1852 posses-

412 1909 653 1961 sorem
705 1886 1119 1982 discrimine
1146 1939 1166 1978 ,
1234 1910 1523 1985 semper
1588 1888 2089 1990 restituendae
2157 1898 2347 1965 sunt.
2478 1887 2738 1965 Const.
2789 1893 2839 1963 5
2889 1887 3082 1967 Cod.
3153 1891 3250 1967 de
3319 1895 3432 1968 rei
3489 1892 3693 1969 vind.

410 2029 539 2118 (3,
581 2028 743 2117 32).
811 2026 910 2116 ¹¹]
1038 2021 1309 2099 Omnes
1374 2033 1616 2101 autem
1643 2091 1648 2096 .
1674 2029 2050 2125 impensae
2115 2029 2455 2107 dicuntur
2504 2035 2975 2108 necessariae
2999 2085 3020 2125 ‚
3096 2057 3284 2131 quae
3332 2033 3693 2110 fructibus

411 2161 892 2262 procreandis
945 2170 1023 2238 et
1072 2161 1607 2238 conservandis
1657 2168 2115 2262 inserviunt,
2170 2170 2489 2270 ideoque
2538 2194 2827 2271 semper
2874 2175 2949 2245 in
2999 2170 3359 2247 calculum
3408 2196 3693 2248 vocan-

413 2316 565 2398 tur,
622 2305 742 2380 ubi
796 2304 890 2380 de
941 2305 1304 2382 fructibus
1353 2306 1825 2382 restituendis
1875 2312 2144 2406 agitur.
2249 2311 2382 2385 Fr.
2435 2315 2535 2385 36
2586 2321 2659 2399 S.
2714 2310 2844 2385 ult.
2898 2310 2994 2385 de
3044 2308 3203 2386 her.
3245 2318 3394 2411 pet.
3437 2313 3559 2404 (5,
3599 2315 3692 2405 3)

411 2448 500 2522 fr.
544 2452 592 2521 ’1
642 2447 862 2522 solut.
924 2458 1130 2522 matr.
1184 2452 1362 2541 (24,
1404 2451 1497 2541 3)
1549 2449 1641 2523 fr.
1680 2451 1772 2522 51
1832 2474 1948 2549 pr.
1988 2450 2158 2524 fam.
2205 2450 2407 2527 herc.
2462 2454 2643 2544 (10,
2690 2454 2801 2542 2).
2904 2446 3067 2525 Sed
3117 2456 3424 2523 eatenus
3473 2447 3691 2524 modo

407 2590 784 2685 impensae
835 2585 1343 2662 restituendae
1395 2595 1603 2679 sunt,
1658 2597 2017 2685 quatenus
2060 2592 2362 2688 petitori
2400 2587 2495 2662 ob
2539 2588 2675 2662 has
2719 2591 3084 2686 impensas
3132 2589 3207 2659 in
3247 2609 3400 2661 rem
3446 2586 3690 2661 factas

401 2747 667 2798 xer-um
717 2726 1164 2801 commodum
1211 2731 1613 2820 accrescit,r
1694 2725 2059 2824 ditiorque
2110 2726 2354 2802 factus
2406 2733 2524 2799 est
2548 2780 2568 2818 ‚
2632 2725 2854 2823 idque
2918 2724 3248 2798 similiter
3309 2727 3385 2799 in
3452 2723 3695 2802 bonae

409 2873 485 2939 et
528 2865 763 2939 malae
815 2866 936 2940 fid.
981 2890 1431 2966 ,possessore
1482 2876 1849 2943 servatur.
1969 2867 2046 2941 A
2099 2867 2475 2966 plerisque
2538 2863 2822 2962 quidem
2875 2872 2953 2940 et
3001 2864 3070 2939 b.
3124 2873 3202 2939 et
3251 2888 3338 2936 m.
3392 2863 3445 2937 f.
3507 2887 3690 2964 pos-

407 3007 684 3080 sessori
735 3007 896 3080 sine
945 3005 1099 3078 ulla
1147 3006 1575 3082 limitatione
1625 3011 2110 3106 impensarum
2161 3006 2562 3106 postulatio
2614 3003 3090 3096 conceditur,
3145 3011 3222 3079 at
3272 3008 3368 3098 a)
3422 3003 3691 3079 nullam

409 3148 886 3241 impensarum
935 3144 1546 3221 restituendarum
1598 3170 1892 3222 causam
1947 3146 2212 3223 videre
2262 3148 2440 3223 licet
2466 3201 2487 3239 ‚
2566 3149 2631 3220 si
2692 3148 2998 3245 petitori
3048 3144 3322 3219 nullum
3372 3168 3692 3220 commo·

408 3281 572 3355 dum
623 3307 724 3359 ex
774 3284 889 3358 his
942 3288 1286 3385 impensis
1329 3290 1710 3379 accrevit,
1765 3295 1923 3362 tota
1964 3291 2153 3363 enim
2196 3286 2293 3363 de
2332 3289 2675 3386 impensis
2719 3282 3102 3373 doctrina,
3153 3293 3235 3359 ut
3268 3288 3425 3401 jam
3465 3309 3691 3381 supra

407 3428 1124 3500 commemoravimus
1149 3479 1171 3518 ‚
1239 3431 1315 3500 in
1364 3425 1509 3502 hoc
1559 3426 2031 3504 fundamento
2079 3436 2157 3503 et
2206 3429 2569 3527 principio
2630 3427 2876 3524 posita
2925 3432 3082 3499 est:
3159 3420 3467 3520 aequum
3532 3434 3684 3517 est,

406 3568 760 3641 neminem
810 3589 974 3641 cum
1023 3565 1330 3641 alterius
1384 3566 1819 3643 detrimento
1891 3575 1967 3643 et
2016 3569 2286 3666 injuria
2335 3564 2900 3664 locupletiorem
2947 3561 3133 3637 fieri.
3236 3562 3328 3655 b)
3379 3559 3507 3635 Ex
3552 3564 3683 3651 iis,

403 3726 594 3799 quae
643 3712 865 3780 antea
914 3702 1230 3780 diximus
1256 3760 1278 3799 ,
1329 3713 1688 3806 apparet,
1739 3728 2247 3805 possessorem
2299 3705 2567 3780 nullam
2616 3701 2894 3777 habere
2947 3703 3356 3793 actionem3
3424 3698 3689 3797 quodsi

405 3862 530 3917 res
586 3863 768 3914 casu
817 3843 1063 3940 aliquo
1113 3849 1451 3944 perierit,
1519 3853 1780 3921 contra
1843 3868 2006 3919 eum
2057 3848 2275 3920 etiam
2322 3846 2597 3919 actioni
2644 3843 2856 3916 locus
2905 3862 3053 3917 non
3102 3841 3290 3933 erit,
3366 3835 3683 3933 ideoque

400 3981 866 4078 exceptionis
920 4004 1206 4078 quoque
1257 3983 1652 4059 remedium
1698 3985 1951 4059 inutile
2001 3981 2337 4059 habetur.
2441 3982 2598 4056 Res
2632 3988 2875 4055 autem
2913 3978 3129 4054 aliter
3170 3998 3254 4050 se
3303 3973 3563 4066 habet,
3616 3978 3685 4048 si

399 4122 745 4196 interitus
777 4126 890 4197 rei
920 4122 1168 4199 factus
1198 4126 1417 4224 culpa
1458 4128 1871 4224 possessori
1909 4126 2247 4225 imputari
2280 4124 2594 4222 poterit,
2648 4128 2821 4194 tunc
2860 4119 3049 4192 enim
3083 4114 3290 4211 quasi
3321 4135 3407 4187 re
3441 4111 3685 4189 adhuc

400 4267 748 4335 exstante
790 4260 1272 4359 judicandum
1321 4266 1464 4341 erit
1484 4316 1505 4357 ‚
1580 4288 1746 4339 nam
1792 4267 2104 4362 pretium
2152 4265 2264 4339 rei
2312 4264 2389 4335 in
2438 4259 2679 4335 locum
2728 4259 2838 4333 rei
2890 4257 3118 4353 ipsius
3170 4232 3550 4342 succedit,
3604 4256 3689 4327 et

398 4394 492 4470 ab
541 4395 687 4472 hoc
737 4402 976 4498 pretio
1029 4403 1400 4501 impensae
1450 4408 1665 4476 erunt
1715 4397 2241 4476 detrahendae.
2344 4398 2624 4474 Unicus
2667 4400 2942 4470 tantum
2978 4393 3189 4466 locus
3230 4392 3303 4462 in
3346 4388 3682 4485 Digestis

398 4557 845 4614 communem
895 4543 1309 4640 opinionem
1358 4541 1724 4642 adjuvare
1775 4539 2116 4632 videtur,
2172 4538 2264 4613 fr.
2283 4540 2404 4610 *38
2453 4535 2548 4610 D.
2601 4532 2698 4610 de
2736 4531 2892 4608 her.
2934 4537 3084 4631 pet.
3127 4530 3253 4623 (5,
3297 4531 3410 4622 3).
3511 4524 3683 4602 Hoc

560 4847 678 4923 10)
737 4849 942 4909 Valett
977 4851 1280 4930 Ubbblgen.
1324 4858 1375 4915 1.
1417 4874 1476 4932 p.
1517 4855 1808 4917 45—48.

561 4968 681 5048 11)
724 4971 944 5044 Gtv‘ac.
984 4974 1090 5035 lib.
1131 4976 1232 5034 10.
1274 4980 1401 5039 obs.
1443 4980 1501 5038 1.
