4782 6002
2416 71 2913 179 -fis-

1024 279 1234 376 gotis
1281 277 1447 351 sine
1494 274 1648 349 ulla
1696 273 2179 372 impensarum
2230 270 2701 345 restitutione
2751 272 3129 365 gestorum
3178 269 3552 366 pronicio
3633 266 3778 345 hac
3838 272 4130 347 ratione
4176 294 4322 350 ex-

1025 416 1441 518 plicandum
1494 422 1612 491 est
1674 410 1768 487 fr.
1826 414 1918 484 10
1966 435 2078 510 pr.
2132 409 2229 484 D.
2278 407 2350 483 h.
2403 416 2456 485 t.
2581 406 2672 486 Si
2724 404 3054 483 dominus
3103 406 3300 481 tales
3347 409 3715 504 impensas
3767 411 4133 484 sustinere
4185 434 4325 489 ne-

1026 561 1221 654 quit,
1280 558 1578 655 jamque
1627 560 1849 627 antea
1899 549 2353 639 declaravit,
2431 570 2518 625 se
2579 546 2696 621 his
2748 548 3096 646 impensis
3161 549 3510 644 imparem
3571 569 3781 638 esse,
3864 552 4323 645 negotiorum

1027 698 1317 793 gestori
1366 696 1740 793 impensae
1792 713 1937 767 non
1982 694 2494 767 restituuntur.
2595 686 2730 763 Fr.
2788 687 2880 760 10
2929 693 3001 773 s.
3063 689 3095 757 1
3152 684 3222 758 h.
3278 692 3328 759 t.
3446 683 3654 760 Idem
3720 683 3819 761 de
3869 688 4151 785 pupillo
4204 687 4323 764 di-

1029 832 1340 911 cendnm
1408 840 1545 909 est.
1664 830 1799 905 Fr.
1852 833 1901 903 3
1970 829 2065 906 de
2116 834 2351 905 contr.
2403 836 2539 903 tut.
2591 834 2668 903 et
2717 832 2800 899 ut
2848 834 2992 901 act.
3047 828 3227 917 (27,
3259 826 3376 916 4).
3476 821 3598 901 Cf.
3676 823 3767 903 fr.
3823 828 3920 897 25
3978 825 4077 903 de
4125 830 4321 926 pign.

1030 982 1174 1051 aot.
1229 973 1325 1047 fr.
1377 975 1478 1046 38
1529 970 1720 1048 deR.
1772 970 1873 1044 V.
1925 973 2051 1063 (6,
2092 972 2197 1061 1).

1228 1111 1322 1189 Si
1370 1114 1533 1209 quis
1573 1113 1879 1207 negotia
1913 1133 2050 1184 sna
2084 1111 2317 1208 gratis
2358 1106 2661 1195 obtulit,
2716 1109 2788 1182 ei
2830 1106 3104 1181 nullius
3150 1110 3447 1204 generis
3496 1109 3871 1206 impensae
3921 1113 4324 1187 restituun-

1030 1259 1173 1325 tur.
1278 1250 1539 1327 Const.
1588 1254 1634 1321 2
1686 1252 1759 1322 in
1810 1249 1928 1323 fin.
1983 1246 2172 1325 Cod.
2226 1247 2298 1323 h.
2332 1256 2383 1322 t.
2431 1245 2769 1343 idemque
2807 1248 3055 1341 valet,
3107 1249 3380 1346 &quis
3419 1245 3710 1324 domino
3753 1253 3986 1326 invito
4025 1257 4326 1350 negotia

1033 1392 1291 1489 gessit.
1396 1385 1658 1464 Const.
1716 1390 1814 1461 24
1865 1384 2059 1462 Cod.
2109 1370 2183 1461 li.
2236 1394 2287 1460 t.
2412 1384 2697 1475 Quodsi
2748 1389 3212 1486 negotiorum
3273 1391 3556 1484 gestori
3621 1388 3826 1465 licito
3889 1389 4321 1483 interdicto,

1034 1533 1163 1608 vel
1215 1535 1495 1631 scripto
1548 1531 1680 1606 vel
1731 1553 1980 1606 coram
2046 1530 2357 1605 testibus
2425 1531 2911 1628 pronunciato
2937 1580 2958 1617 ‚
3029 1530 3494 1625 negotiorum
3554 1531 3801 1625 gestio
3867 1531 4103 1605 vetita
4167 1540 4323 1620 est,

1036 1670 1217 1745 nihil
1281 1673 1735 1762 restituitur-3
1813 1670 2143 1744 illicitum
2215 1677 2457 1743 autem
2522 1666 2989 1744 interdictum
3055 1676 3134 1743 et
3201 1668 3641 1745 unilaterale
3702 1692 3853 1747 non
3911 1673 4322 1770 respicitur.

1034 1812 1167 1887 Fr.
1223 1814 1316 1883 14
1366 1820 1439 1898 §-
1501 1813 1593 1884 13
1649 1808 1747 1887 de
1796 1810 2013 1907 relig.
2067 1813 2249 1903 (ιι,
2283 1813 2397 1901 7).
2454 1806 2557 1902 ³¹)

1237 1948 1328 2025 Si
1366 1956 1540 2036 ,tota
1591 1951 2053 2045 negotiorum
2103 1951 2344 2046 gestio
2400 1950 2604 2021 initio
2649 1949 2807 2045 jam
2857 1946 3148 2023 domino
3210 1949 3488 2024 inutilis
3549 1950 3724 2043 fuit,
3804 1973 4044 2048 neque
4103 1952 4326 2026 ullum

1040 2086 1490 2163 commodum
1538 2090 1613 2161 ei
1665 2086 2043 2186 praebuit,
2095 2085 2289 2162 idem
2332 2090 2476 2161 erit
2526 2084 2956 2177 dicendum,
3025 2086 3221 2184 qnod
3286 2087 3384 2164 de
3433 2091 3752 2186 negotiis
3799 2090 4032 2163 inscio
4064 2098 4155 2165 ·et
4204 2095 4325 2164 in·-

1036 2232 1221 2305 vito·
1252 2229 1543 2305 domino
1596 2232 1830 2327 gestis
1880 2227 2151 2304 dietum
2203 2237 2341 2304 est.
2455 2228 2951 2327 Negotiorum
3001 2231 3284 2324 gestori
3334 2250 3697 2304 concessa
3742 2235 3858 2304 est
3906 2233 4104 2306 actio
4153 2253 4323 2330 neg.

1040 2377 1231 2467 gest.
1286 2372 1661 2444 contraria
1685 2422 1705 2461 ,
1760 2368 1888 2443 vel
1939 2371 2134 2443 actio
2190 2369 2605 2457 contraria,
2658 2373 2723 2442 si
2775 2369 3103 2444 dominus
3155 2372 3524 2467 negotium
3566 2374 3721 2469 jam
3771 2380 4006 2447 ratum
4052 2371 4323 2449 habuit.

1240 2512 1496 2588 Malae
1546 2510 1719 2585 fidei
1769 2507 2422 2609 possessori·nihil
2474 2511 2932 2600 restituitur,
3000 2512 3142 2583 nisi
3193 2513 3566 2607 impensae
3613 2509 3855 2587 adhuc
3903 2521 4204 2589 exstant
4250 2524 4326 2588 et

1040 2654 1331 2727 durant.
1434 2652 1565 2725 Fr.
1620 2656 1669 2723 6
1722 2660 1794 2739 S.
1845 2653 1895 2722 3
1946 2650 2017 2724 h.
2073 2660 2121 2723 t.
2247 2647 2481 2737 Quam
2522 2650 2770 2746 legum
2819 2651 3252 2724 sententiam
3298 2651 3402 2725 ita
3445 2653 3754 2727 mutavit
3803 2622 4180 2742 doctrine,
4250 2660 4326 2725 ut

1038 2796 1275 2868 malae
1338 2790 1513 2864 fidei
1579 2793 1995 2891 possessori
2068 2791 2570 2865 necessariae·
2599 2793 2975 2886 impensae
3045 2809 3334 2887 semper
3398 2788 3903 2867 restituendae
3954 2793 4140 2882 si11t3
4211 2794 4326 2868 cui

1043 2932 1429 3010 doctorum
1497 2933 1908 3007 sententiae
1972 2929 2263 3028 legibus
2331 2933 2750 3005 contrariae
2817 2925 3187 3006 accedere
3255 2928 3666 3021 noluimus,
3741 2953 3908 3006 nam
3971 2928 4228 3008 Const.
4279 2933 4328 3004 ὅ

1038 3072 1230 3151 Cod.
1285 3071 1383 3146 de
1437 3071 1528 3145 Β.
1582 3070 1681 3144 V.
1735 3073 1867 3164 (3,
1908 3073 2051 3163 32)
2100 3068 2285 3145 nihil
2330 3067 2536 3146 aliud
2578 3070 2792 3163 dicit,
2840 3072 2981 3144 nisi
3029 3070 3266 3152 malae
3313 3068 3438 3144 fid.
3487 3093 3996 3171 possessorem
4045 3072 4139 3148 ob
4188 3077 4324 3145 im-

1042 3236 1314 3313 pensas
1378 3214 1843 3288 necessarias
1911 3213 2425 3309 exceptionem
2487 3210 2810 3304 habere,
2886 3218 3248 3307 quatenus
3297 3219 3541 3288 autem
3599 3209 3868 3292 haheat
3924 3211 4114 3287 hanc
4181 3234 4326 3287 ex·

1041 3356 1501 3452 ceptionem,
1555 3375 1656 3427 ex
1706 3349 1851 3428 hac
1899 3353 2075 3449 lege
2121 3354 2445 3452 perspici
2496 3353 2802 3451 nequit,
2845 3348 2988 3428 sed
3036 3372 3082 3428 c
3129 3350 3225 3428 fr.
3269 3354 3322 3426 6
3370 3360 3444 3438 S.
3485 3353 3532 3426 3
3585 3354 3701 3428 cit.
3744 3349 3845 3441 3²)
3896 3347 3998 3428 de
4046 3349 4192 3427 hac
4243 3375 4327 3430 re

1044 3494 1206 3591 ipsa
1256 3490 1629 3587 loquente.

2619 3731 2636 3748 .
2711 3677 2824 3747 19.

1780 3811 1937 3905 14)
2037 3811 2137 3888 In
2184 3814 2528 3889 doctrina
2564 3681 2670 3890 {a
2715 3816 3076 3892 sumtibus
3118 3819 3584 3919 fimebrt’buS.

1238 3951 1328 4028 Si
1400 3954 1561 4050 quis
1628 3951 1831 4025 nullo
1893 3956 2066 4050 jure
2139 3960 2458 4051 cogente
2520 3954 2830 4030 alterius
2906 3960 3334 4056 cujusquam
3401 3957 3848 4059 sepulturam
3913 3958 4328 4049 curaverit,

1039 4095 1235 4168 actio
1287 4091 1669 4166 funeraria
1715 4093 1787 4165 ei
1839 4090 1932 4164 ob
1985 4094 2353 4188 impensas
2405 4094 2480 4165 in
2532 4115 2666 4168 eos
2719 4116 3079 4170 concessa
3130 4105 3288 4188 est,
3361 4097 3621 4195 quibus
3665 4097 4096 4196 sepulturae
4145 4117 4329 4169 onus

1120 4291 1239 4366 31)
1282 4292 1744 4350 Brunnemann
1785 4310 1996 4352 comm.
2038 4296 2114 4352 sd
2159 4296 2345 4354 Pand.
2388 4295 2460 4354 1..
2502 4298 2544 4354 3
2587 4301 2628 4355 t.
2667 4292 2712 4353 ὅ
2752 4297 2829 4354 ad
2871 4297 2940 4355 1..
2976 4297 3074 4356 43.
3161 4298 3355 4371 Utcbin
3398 4301 3440 4376 f.
3481 4299 3584 4361 cin.
3628 4298 3839 4373 giratio
3878 4306 3920 4359 t.
3947 4299 4116 4357 vm.
4158 4300 4329 4370 parte

1286 4395 1345 4458 2.
1388 4412 1532 4473 pag.
1575 4397 1714 4455 265.
1761 4399 1901 4456 266.
1978 4465 1984 4473 ,

1118 4499 1243 4575 32)
1285 4502 1553 4564 Distat.
1588 4503 1871 4563 anundus
1912 4508 2011 4565 est
2056 4503 2223 4566 m.
2264 4501 2328 4586 S.
2372 4507 2515 4568 03⁰.
2558 4509 2635 4569 A.
2681 4511 2739 4572 1.
2825 4514 3009 4576 Cur.
3053 4514 3260 4574 Novit
3297 4518 3467 4588 pra.
3510 4518 3580 4577 1..
3624 4517 3685 4578 4.
3725 4532 3778 4576 e.
3819 4516 3880 4574 9.
3970 4509 4330 4572 Waeenhaer

1285 4621 1494 4679 opusc.
1534 4627 1593 4682 p.
1633 4611 2013 4670 ast-329.

629 5545 4759 5857 —kys
