4782 6002
2576 428 3027 497 ...4.-

1148 628 1528 729 principiis
1577 624 1676 704 de
1725 625 1839 701 rei
1890 620 2188 700 debitae
2235 623 2749 699 aestimfioue
2798 630 3012 698 recte
3059 621 3416 700 illustrari
3466 631 3546 700 et
3594 628 3903 704 tractari
3948 649 4179 726 posse
4224 630 4429 706 nob'n

1149 788 1580 866 persuasum
1629 763 2004 839 habemus.
2135 759 2274 841 Sic
2323 765 2479 854 rei,
2550 786 2763 860 quam
2808 760 3271 837 mundam
3314 765 3772 864 suscepimus
3818 764 4243 863 magnitudo
4268 821 4293 858 ,
4363 778 4437 843 et

1148 907 1817 1007 praestantissima,
1887 927 2076 1003 quae
2126 902 2226 980 de
2269 901 2747 1006 Judicialibus
2808 903 3154 1002 impensis
3202 906 3483 1003 scripta
3530 902 3923 997 habemus,
3994 906 4433 996 effecerunt,

1149 1060 1232 1127 ut
1279 1050 1474 1127 hauc
1522 1048 2002 1150 disciplinam.
2029 1048 2152 1125 hic
2204 1049 2617 1149 praeterire
2681 1070 2821 1121 nos
2882 1070 3109 1147 pone
3159 1070 3307 1124 non
3359 1046 3881 1125 dubitaremus.
3999 1050 4430 1149 Diligentis-

1147 1193 1328 1265 sime
1379 1196 1623 1265 autem
1672 1188 2258 1267 enucleaverunt
2306 1185 2717 1262 doctrinam
2765 1183 2864 1262 de
2916 1190 3259 1286 impensis
3301 1187 3827 1288 judicialibusz
3890 1189 4193 1265 Wnn
4239 1189 4435 1285 (ibet

1146 1330 1254 1411 bie
1296 1330 1776 1429 ‘Btocefiiosten
1804 1383 1823 1422 ,
1874 1335 2073 1409 beten
2124 1328 2512 1426 &statuum
2564 1332 2700 1406 nub
2746 1325 3307 1424 Gommfafiou')
3334 1381 3353 1420 ,
3404 1329 3821 1405 Enumcn
3874 1329 3971 1405 de
4018 1330 4189 1406 eod.
4236 1357 4387 1432 arg.
4411 1387 4433 1424 ‚

1149 1472 1466 1548 mum
1514 1470 1613 1547 de
1655 1475 1865 1571 justo
1911 1465 2439 1570 suspendendo
2477 1466 2763 1567 judicio
2820 1463 2921 1540 de
2969 1469 3360 1566 expensis,
3413 1467 3565 1543 vid.
3616 1472 3841 1544 etiam
3881 1468 4215 1568 ejusdem
4252 1495 4435 1546 auc-

1147 1615 1332 1686 toris
1384 1610 1791 1688 doctrinam
1842 1633 2245 1710 processus
2294 1609 2540 1686 civilis
2601 1609 2995 1685 communis
3020 1660 3041 1694 ‚
3124 1606 3474 1684 Scnmm·
3524 1606 3904 1710 (Seioec'ige
3954 1628 4069 1708 3111:
4116 1608 4327 1706 &bne
4372 1633 4433 1689 n.

1145 1758 1209 1836 b.
1259 1751 1782 1850 ffitotefitoften)
1800 1804 1821 1844 ,
1870 1751 2141 1849 aliique
2191 1748 2288 1827 de
2339 1772 2700 1850 processu
2750 1747 2956 1825 civili
3005 1749 3434 1847 scriptores.

2688 1993 2761 2074 8.
2817 1988 2886 2059 4.

1249 2079 1258 2088 .
1342 2125 1517 2202 Jam
1569 2130 2025 2202 transeamus
2075 2123 2296 2224 igitur
2357 2120 2460 2196 ad
2526 2124 2894 2223 impensas
2945 2124 3559 2226 extrajudiciales
3620 2132 4040 2204 accuratius
4104 2140 4433 2208 tractan-

1146 2264 1326 2356 das,
1377 2286 1565 2361 quae
1617 2265 1689 2336 in
1738 2264 2201 2340 necessarias
2228 2315 2249 2354 ‚
2315 2261 2540 2337 utiles
2602 2270 2680 2338 et
2728 2262 3239 2363 voluptuarias
3292 2262 3740 2342 dividuntur.
3842 2264 3974 2339 Fr.
4032 2270 4129 2342 ⁷9
4182 2266 4281 2344 de
4333 2270 4433 2346 V.

1144 2405 1230 2482 S.
1283 2405 1457 2505 Ulp.
1509 2403 1602 2478 fr.
1657 2406 1766 2477 tit.
1821 2406 1869 2476 e
1921 2411 1994 2490 ς
2053 2405 2165 2482 14.
2225 2405 2339 2476 15.
2397 2406 2508 2476 16.

1338 2544 1729 2644 hpensae
1778 2545 2252 2618 necessariae
2304 2539 2643 2616 dicuntur
2686 2561 2938 2644 omnes
2960 2595 2984 2636 ‚
3040 2566 3227 2640 quae
3269 2543 3447 2620 fiunt
3488 2543 3586 2620 ad
3632 2567 3783 2622 rem
3824 2555 3947 2622 aut
3990 2545 4082 2622 ab
4126 2549 4431 2624 interitu

1142 2690 1270 2766 aut
1320 2708 1368 2756 a
1417 2681 1956 2783 depravatione
2023 2676 2487 2762 servandam.
2604 2676 3062 2781 Saepissime
3130 2680 3419 2779 quidem
3479 2682 3655 2762 illae
3721 2692 3997 2758 tantum
4051 2687 4429 2785 impensae

1141 2821 1481 2900 dicuntur
1529 2826 2001 2899 necessariae
2026 2874 2046 2914 ,
2126 2844 2312 2918 quae
2361 2819 2545 2894 fiunt
2590 2818 2692 2894 ad
2742 2843 2894 2895 rem
2943 2820 3037 2895 ab
3085 2805 3385 2895 interitu
3435 2821 3918 2915 servandam,
3988 2848 4206 2923 quam
4260 2848 4424 2900 seu-

1141 2967 1444 3041 tentiam
1489 2988 1628 3040 nos
1675 2963 1998 3065 probare
2050 2984 2198 3037 non
2245 2984 2653 3061 possumus.
2757 2957 2890 3035 Fr.
2944 2963 3039 3039 ⁷9
3089 2957 3187 3036 de
3240 2959 3338 3035 V.
3388 2959 3479 3065 S.
3540 2954 3608 3054 ιτ)

1335 3101 1547 3192 Quae
1605 3104 1979 3201 impensae
2042 3102 2150 3173 rei
2217 3098 2635 3192 commoda,
2710 3122 2899 3199 quae
2961 3109 3181 3205 antea
3242 3124 3366 3177 res
3426 3126 3575 3177 non
3634 3101 4031 3207 habuerat,
4112 3114 4431 3203 augent,

1138 3240 1359 3317 utiles
1414 3239 1798 3334 dicuntur;
1858 3240 2373 3339 voluptuariae
2441 3239 2755 3339 denique
2818 3244 3189 3341 impensae
3240 3245 3751 3321 amoenitatem
3804 3252 4075 3323 tantum
4125 3252 4204 3320 et
4251 3245 4425 3343 pul-

1136 3376 1618 3454 chritudinem
1682 3381 1798 3453 rei
1860 3386 2156 3476 augent.
2258 3377 2430 3476 Ulp.
2483 3377 2573 3450 fr.
2629 3381 2736 3451 tit.
2791 3384 2839 3453 6
2901 3387 2974 3468 3.
3034 3382 3144 3453 15.
3206 3383 3318 3453 16.
3397 3380 3489 3455 fr.
3541 3384 3592 3454 8
3653 3389 3725 3470 S.
3777 3385 3851 3455 3.
3931 3383 4023 3457 fr.
4080 3387 4149 3456 6.
4203 3388 4258 3455 7.
4306 3382 4410 3454 D.

1134 3516 1230 3592 de
1279 3521 1447 3615 imp.
1501 3519 1575 3590 iu
1625 3539 1748 3592 res
1801 3515 1953 3591 dot.
2010 3516 2189 3609 (25,
2244 3518 2349 3608 1).

1331 3657 1768 3755 Priusquam
1817 3666 2059 3735 antem
2103 3660 2523 3735 accuratius
2574 3664 2969 3737 tractamus
3019 3666 3099 3735 et
3148 3658 3746 3757 consideramus,
3818 3688 4030 3761 quam
4090 3663 4417 3738 auetori-

1135 3805 1361 3881 tatem
1424 3805 1502 3877 et
1562 3802 1711 3875 vim
1776 3807 1929 3877 tres
1990 3800 2133 3879 hae
2195 3804 2683 3901 impensarum
2749 3803 3045 3905 species
3111 3802 3183 3873 in
3250 3800 3516 3895 multas
3555 3804 3750 3901 juris
3802 3800 4231 3901 disciplinas
4278 3801 4430 3883 ha-

1129 3937 1460 4028 buerint,
1513 3940 1590 4015 in
1643 3937 1899 4039 quibus
1953 3939 2245 4017 casibus
2297 3941 2669 4039 impensae
2718 3945 2847 4013 aut
2890 3961 3026 4037 per
3066 3943 3579 4041 exceptionem
3622 3949 3895 4017 tantum
3941 3956 4017 4019 et
4063 3945 4426 4021 retentio-

1127 4098 1293 4157 nem
1344 4099 1505 4152 cum
1555 4082 2003 4181 exceptione
2052 4083 2518 4181 conjunctam
2542 4133 2562 4170 ,
2619 4088 2746 4155 aut
2794 4102 2930 4183 per
2978 4082 3343 4161 actionem
3391 4081 3757 4185 postulari
3804 4087 4137 4183 possint,
4208 4083 4425 4161 nobis

1127 4213 1523 4321 enucleare
1577 4216 1825 4293 liceat.

1321 4353 1735 4433 Possessor
1778 4359 1925 4449 rei,
1979 4381 2122 4459 qua
2173 4356 2385 4451 talis,
2450 4358 2519 4433 si
2572 4361 2917 4459 respectu
2964 4360 3075 4433 rei
3125 4359 3356 4461 ipsius
3396 4362 3763 4460 impensas
3813 4360 4148 4451 fecerat,
4206 4386 4252 4436 a
4308 4359 4435 4435 le-

1125 4491 1339 4592 gibus
1399 4494 1674 4573 nnllam
1737 4499 2030 4596 accepit
2095 4499 2504 4591 actionem,
2587 4498 3052 4597 exceptionis
3114 4520 3302 4577 vero
3368 4504 3448 4573 et
3514 4505 3950 4581 retentionis
4019 4500 4435 4581 remedium

1249 4842 1325 4917 Δ)
1381 4846 1483 4903 cr.
1525 4843 1828 4916 cujaoim
1869 4848 1946 4904 ad
1987 4845 2047 4904 h.
2087 4849 2131 4909 1.
2186 4865 2343 4922 quae
2364 4889 2381 4923 ,
2451 4848 2503 4906 si
2551 4864 2672 4909 non
2714 4852 2859 4911 nant
2880 4893 2898 4929 ,
2959 4869 3086 4913 rem
3128 4806 3454 4915 demercire
3497 4859 3594 4918 vel
3638 4859 3883 4919 diminui
3925 4861 4151 4918 sinunt.
4274 4860 4441 4921 Voce

1367 4952 1442 5008 ad
1484 4954 1670 5013 Pund.
1715 4953 1833 5029 26,
1874 4955 1933 5012 1.
1977 4955 2036 5012 1.
2171 5012 2180 5017 ,
