4782 6002
3823 695 3953 770 81

548 874 760 949 mium
807 868 1142 974 proxime
1191 868 1601 964 accessisse
1647 865 2005 945 videatur.
2106 870 2375 970 Neque
2424 879 2665 970 tamen
2710 877 3036 976 praemio
3085 874 3371 976 dignam
3424 879 3760 981 judicare
3808 910 3953 989 po·
4073 861 4077 868 ³

552 1013 686 1090 tait
731 1009 923 1088 hanc
973 1011 1634 1085 commentationem
1670 1008 1877 1086 Ordo
1910 1009 1969 1086 J
1972 1012 2629 1130 urisconmltorum.
2727 1017 3018 1094 Auctor
3065 1021 3253 1094 enim
3297 1043 3420 1096 res
3458 1026 3667 1121 justo
3701 1024 3955 1105 ordine

549 1173 700 1232 mn
750 1148 1143 1251 disposuit,
1195 1147 1541 1225 historiae
1589 1151 1781 1225 viam
1830 1174 1957 1241 eo,
2012 1173 2156 1250 quo
2208 1151 2556 1249 debebat,
2608 1154 2827 1233 modo
2877 1179 3025 1258 non
3074 1168 3374 1236 secutus
3424 1168 3578 1236 estz
3628 1167 3948 1266 inprimis

551 1315 742 1372 vero
792 1315 885 1369 ea
930 1314 1117 1390 quae
1162 1294 1236 1367 in
1285 1315 1637 1393 processu
1688 1295 2020 1372 Romano
2084 1305 2303 1396 atque
2364 1298 2441 1374 in
2486 1305 2878 1397 systemate
2924 1305 3281 1376 actionum
3334 1311 3721 1379 occurrunt
3780 1328 3954 1383 arc-

551 1440 775 1533 toque
822 1454 1020 1509 nexu
1072 1455 1230 1509 cnm
1282 1432 1647 1512 divisione
1696 1440 2055 1513 actionum
2102 1439 2176 1513 in
2224 1438 2455 1513 stricti
2524 1440 2715 1537 juris
2765 1446 2841 1515 et
2892 1438 3127 1516 bonae
3175 1439 3348 1516 fidei
3414 1446 3742 1519 actiones
3810 1465 3952 1519 co-

548 1572 883 1667 haerent,
951 1593 1102 1652 uon
1166 1575 1348 1649 satis
1414 1579 1823 1676 perspexit3
1893 1600 2128 1676 neque
2187 1575 2379 1652 idem
2431 1599 2588 1652 eam
2657 1582 3045 1670 rationem,
3124 1547 3311 1678 uuae
3376 1582 3562 1657 inter
3625 1583 3952 1660 actiones

550 1710 963 1789 arbitrarias
1012 1722 1091 1790 et
1137 1715 1467 1791 actiones
1514 1716 1746 1792 stricti
1786 1720 1976 1815 juris
2026 1725 2099 1797 et
2147 1718 2383 1793 bonae
2431 1717 2600 1794 fidei
2648 1720 3069 1815 intercedit,
3138 1724 3315 1795 satis
3362 1722 3759 1798 illustravit
3805 1744 3947 1799 nec

554 1847 862 1951 deniqne
900 1873 1002 1928 .ea
1051 1875 1234 1952 quae
1282 1857 1357 1929 in
1397 1859 1570 1957 jure
1614 1854 2076 1934 Justinianeo
2126 1880 2218 1934 ac
2264 1861 2686 1961 praesertim
2735 1862 2807 1934 in
2845 1863 3019 1958 jure
3072 1829 3502 1937 Germanico
3554 1871 3952 1964 temporum

552 1989 867 2069 decursu
914 2000 1177 2070 mutata
1221 1962 1388 2073 sunt
1406 2051 1429 2091 ‚
1478 1995 1669 2076 bene
1716 1996 2089 2101 explicuit.

753 2180 959 2260 Ordo
1010 2182 1448 2260 medicorum
1498 2189 1987 2284 quaestionem
2037 2185 2134 2264 de
2195 2187 2547 2266 asthmate
2610 2187 2928 2292 thymico
2994 2197 3474 2294 proposuerat
3496 2245 3519 2286 ,
3587 2190 3683 2265 ad
3750 2214 3955 2291 qnam

554 2319 1077 2399 Commentatio
1128 2324 1673 2426 Hippocraticis
1721 2327 2019 2404 verbisz

742 2526 751 2536 ·
841 2488 1528 2590 ,Ea-perimentum
1568 2493 2101 2593 periculosum,
2132 2496 2504 2595 judicium
2551 2496 2932 2600 difficile.“

547 2629 895 2732 insignita
938 2630 1201 2707 tradita
1247 2641 1384 2708 cst.

746 2798 1042 2876 Auctor
1088 2820 1426 2876 sermone
1474 2795 1662 2874 bene
1709 2796 1978 2894 latino,
2037 2802 2454 2901 praemissis
2500 2798 3044 2898 Prolegominis
3095 2799 3193 2878 de
3242 2802 3543 2878 notione
3593 2799 3959 2878 asthmatis

553 2941 626 3018 in
676 2961 991 3041 genere,
1060 2942 1132 3016 in
1180 2941 1409 3043 prima
1451 2944 1658 3041 parte
1716 2937 2066 3015 historica
2128 2941 2425 3041 primum
2487 2938 2821 3039 singulos
2873 2962 3033 3016 cum
3097 2947 3424 3017 veterum
3479 2948 3625 3017 tum
3689 2962 3953 3019 recen-

393 3179 397 3183 ·
551 3083 807 3159 tiorum
878 3088 1246 3161 auctorum
1318 3080 1875 3157 observationes
1940 3078 2303 3179 collegit,
2374 3078 2544 3156 dein
2624 3083 3088 3180 systematica
3146 3080 3311 3156 via*
3351 3104 3444 3156 ea
3523 3085 3959 3184 composuit,

538 3245 740 3321 *qnae
789 3221 885 3296 ad
931 3222 1159 3298 morbi
1209 3229 1684 3322 symptomata
1732 3221 2214 3298 describenda
2263 3225 2566 3322 ejusque
2632 3228 2952 3296 naturam
3002 3221 3503 3323 explicandam
3551 3247 3597 3296 a
3648 3222 3959 3298 Germa-

551 3364 667 3441 nis
714 3365 1034 3463 inprimis
1080 3360 1381 3437 medicis
1432 3370 1791 3459 congesta
1836 3370 2040 3455 sumt,
2095 3361 2406 3460 denique
2455 3384 2640 3460 quae
2687 3364 3055 3437 sectiones
3089 3360 3524 3438 cadaverum
3557 3360 3963 3438 docuerunt

554 3501 829 3578 retulit.
924 3501 1013 3576 In
1060 3501 1289 3597 altera
1334 3510 1542 3604 parte
1592 3504 1845 3577 critica
1893 3500 1989 3579 de
2058 3500 2423 3577 asthmatis
2491 3499 2783 3600 thymici
2861 3501 3145 3596 origine
3203 3506 3277 3575 et
3341 3506 3597 3581 natura
3654 3506 3960 3603 ejusque

558 3638 895 3740 diagnosi
955 3644 1307 3741 prognosi
1378 3648 1453 3717 et
1522 3641 1847 3744 thei-apia
1912 3640 2330 3744 disputavit.
2430 3639 2764 3737 Rejectis
2828 3662 3015 3715 vero
3087 3637 3667 3721 adversariorum
3729 3660 3954 3737 argn-

554 3782 807 3857 mentis
856 3779 1142 3858 Auctor
1189 3781 1376 3857 bene
1422 3781 1810 3883 probavit,
1879 3780 2039 3856 dari
2096 3780 2373 3857 asthma
2453 3781 2778 3858 infantile
2828 3806 2874 3855 a
2933 3780 3160 3883 thymi
3237 3780 3754 3883 hypertrophia
3801 3781 3959 3854 ori-

555 3919 852 4019 undum,
902 3921 1233 4022 idemque
1288 3945 1456 4027 pum
1502 3923 1669 3997 aliis
1710 3922 2077 3999 'similibus
2134 3920 2404 3999 morbis
2468 3922 2571 3999 ita
2633 3924 3122 4023 comparavit,
3185 3929 3261 3997 ut
3321 3920 3411 3994 ab
3476 3919 3633 3994 illis
3700 3916 3957 3996 distin-

554 4071 837 4165 guntur.
935 4063 1221 4139 Etenim
1278 4064 1356 4138 in
1403 4061 1544 4139 hac
1591 4086 1677 4138 re
1727 4061 2089 4141 cardinem
2136 4066 2246 4139 rei
2311 4064 2508 4139 verti
2571 4062 2866 4141 Auctor
2928 4069 3128 4137 recte
3191 4061 3463 4153 sensit,
3533 4061 3651 4159 qui
3717 4062 3790 4136 in
3838 4058 3956 4135 his

552 4203 773 4280 rebus
819 4200 1352 4306 pertractandis
1399 4225 1545 4280 non
1593 4205 1885 4281 minoris
1934 4201 2358 4283 eruditionis
2408 4227 2615 4301 quam
2649 4203 2916 4301 ingenii
2965 4201 3312 4276 acuminis
3360 4203 3763 4276 testimonia
3812 4220 3955 4274 ex-

553 4343 803 4425 hibuit.
901 4343 1066 4437 Qua
1114 4343 1211 4423 de
1258 4368 1484 4425 causa
1530 4342 1735 4443 Ordo
1787 4342 2237 4423 Medicorum
2286 4363 2473 4445 opus
2519 4346 2837 4445 praemio
2907 4339 3196 4457 dignum
3262 4363 3431 4419 esse
3494 4341 3776 4418 censuit
3839 4346 3955 4417 at-

559 4508 701 4585 que
749 4483 1111 4570 decrevit.

754 4648 1032 4752 sigillo
1080 4659 1362 4730 remoto
1411 4674 1669 4728 nomen
1719 4651 2030 4726 victoris
2077 4657 2416 4750 apparet3

1530 4788 2111 4871 GUSTAVUS
2178 4785 2998 4865 VEESENMAYER

2055 4931 2448 5009 Ulmensis.
