4782 6002
1897 389 1989 465 55

655 572 679 616 1
697 546 747 614 ‚⁰
800 543 938 616 Res
963 568 1288 645 quarum
1316 541 1467 616 sive
1498 540 1613 615 lex
1647 540 2175 616 alienationem
2202 540 2653 632 inhibuerit,
2688 543 2842 619 sive
2871 512 3166 622 testator
3192 547 3338 623 hoc

540 668 833 754 fecerit,
898 669 1047 743 sive
1083 668 1328 773 pactio
1370 666 1979 744 contrahentium
2026 667 2174 743 hoc
2227 667 2645 759 admiserit,
2685 674 3002 777 exempli
3057 675 3336 776 gratia:

536 792 818 869 fundus
841 792 1142 881 dotalis,
1175 794 1308 895 qui
1344 791 1515 868 ante
1544 793 1842 899 nuptias
1870 819 2022 868 non
2046 794 2447 870 aestimatus
2477 795 2655 884 fuit,
2676 796 2791 871 vel
2828 797 3162 899 litigiosae
3187 826 3331 889 res,

538 920 652 993 vel
690 920 887 993 bona
934 916 1394 992 filiifamilias
1431 944 1759 1019 quorum
1801 935 2010 1020 pater
2053 917 2781 995 administrationem
2825 923 3165 1027 suscepit3

604 1102 609 1106 -
644 1043 737 1119 2.⁰
786 1046 959 1148 Spes
996 1069 1261 1118 eorum
1307 1042 1793 1145 praemiorum
1835 1069 2003 1145 quae
2043 1069 2182 1145 pro
2228 1044 2523 1118 coronis
2556 1044 2852 1122 athletis
2889 1049 3327 1151 pensitanda

537 1191 744 1264 sunt3

638 1295 734 1373 3.⁰
784 1297 1193 1399 Pignorum
1225 1295 1458 1397 gratia
1500 1294 1707 1397 quod
1736 1293 1832 1368 ad
1867 1294 2239 1369 culturam
2268 1295 2428 1399 agri
2462 1296 2818 1400 pertinet,
2854 1297 2934 1372 id
2965 1318 3070 1375 est
3105 1305 3322 1391 servi,

535 1442 887 1511 aratores,
922 1422 1143 1496 boves
1169 1440 1302 1496 aut
1328 1420 1822 1496 instrumenta
1854 1420 2175 1494 aratoria
2214 1419 2494 1495 auferri
2532 1447 2690 1496 non
2730 1424 3096 1498 convenit.

634 1550 786 1624 Et
769 1577 852 1624 m
901 1575 981 1622 re
1024 1547 1266 1622 aliena
1313 1547 1706 1649 nunquam
1764 1544 2268 1688 hypothecam
2319 1548 2712 1622 consistere
2753 1548 3140 1626 sciendum
3188 1572 3324 1639 est,

534 1695 800 1782 praeter
834 1676 917 1751 in
958 1674 1275 1779 exceptis
1316 1673 1633 1762 casibus,
1667 1673 1801 1776 qui
1847 1691 2063 1747 sunt:

630 1802 916 1889 Primo,
969 1801 1277 1903 quando
1317 1796 1638 1874 creditor
1673 1797 1768 1873 de
1815 1815 2148 1903 tempore
2188 1798 2663 1901 obligationis
2718 1800 3106 1900 ignorabat
3157 1829 3315 1877 rem

531 1955 677 2004 esse
704 1928 1064 2016 alienam,
1091 1925 1272 2029 quia
1299 1924 1393 2000 ad
1431 1924 1863 1999 dominium
1896 1922 2260 1998 debitoris
2296 1942 2495 1998 tenet
2533 1923 2886 2026 obligatio
2914 1945 2988 2000 et
3021 1926 3317 2002 effectus

528 2071 635 2128 est
676 2053 885 2156 quod
928 2053 987 2127 si
1036 2051 1281 2157 postea
1320 2050 1568 2125 veniat
1609 2049 1696 2124 in
1726 2046 2166 2124 'dominium
2218 2046 2612 2138 debitoris,
2667 2048 2891 2124 datur
2927 2052 3122 2125 actio
3164 2079 3317 2126 cre-

528 2176 759 2254 ditori
797 2178 895 2253 ad
926 2203 1091 2252 eam
1128 2174 1665 2253 vindicandam
1705 2200 1794 2248 ex
1837 2174 2130 2249 actione
2170 2173 2340 2249 utili
2379 2172 2964 2280 hypothecaria;

628 2301 1008 2377 Secundus
1066 2327 1270 2377 casus
1322 2318 1460 2390 est,
1509 2297 1818 2404 quando
1867 2298 2190 2375 creditor
2238 2298 2611 2404 possidere
2655 2300 2902 2406 postea
2948 2303 3316 2407 reperitur

527 2455 687 2503 rem
726 2428 1050 2504 alienam
1082 2427 1127 2501 a
1163 2453 1294 2501 suo
1335 2425 1671 2502 debitore
1704 2424 2316 2530 hypothecatam‚
2367 2426 2660 2500 ratione
2694 2427 2899 2501 enim
2937 2427 3316 2531 possessio-

528 2557 648 2630 nis
688 2555 1053 2657 quaeritur
1090 2552 1234 2628 sibi
1277 2551 1393 2656 jus
1435 2551 1911 2640 retentionis,
1941 2551 2285 2652 quamvis
2329 2570 2549 2626 cesset
2592 2551 2734 2625 sibi
2770 2549 2883 2654 jus
2913 2553 3263 2646 actionis;

625 2682 916 2756 Tertius
966 2698 1071 2754 est
1132 2705 1335 2754 casus
1382 2676 1723 2781 quando,
1776 2676 2342 2781 superveniente
2385 2676 2767 2766 dominic,
2823 2677 2975 2780 ipse
3017 2676 3312 2753 debitor

528 2806 970 2895 declararet,
1014 2832 1174 2880 rem
1217 2805 1558 2881 affectam
1595 2801 2071 2908 hypothecae3

625 2932 953 3032 Quartus
1000 2957 1204 3008 casus
1255 2947 1384 3021 est,
1441 2928 1748 3034 quando
1803 2927 2127 3004 debitori
2186 2953 2299 3003 res
2349 2927 2592 3004 aliena
2647 2928 3140 3035 hypothecata
3184 2929 3311 3006 de-

524 3060 683 3137 bita
722 3078 860 3153 est3

621 3184 952 3283 Quintus
997 3211 1205 3259 casus
1249 3202 1387 3273 est,
1433 3181 1744 3287 quando
1796 3179 2351 3286 hypothecamr
2395 3205 2507 3254 res
2549 3179 2791 3255 aliena
2858 3182 2996 3256 sub
3043 3121 3307 3256 condi-

526 3313 760 3402 tione,
800 3338 978 3387 cum
1018 3309 1380 3386 debitoris
1419 3308 1662 3383 fuerit.

619 3441 757 3514 Res
798 3464 1022 3515 sacrae
1063 3464 1221 3512 non
1265 3452 1569 3578 possunt
1613 3431 2120 3539 hypothecari.

617 3570 822 3641 Bona
865 3564 1039 3642 fidei
1079 3562 1469 3639 commisso
1512 3557 1838 3662 subjecta
1878 3585 2035 3634 non
2073 3574 2377 3663 possunt
2415 3555 2906 3661 hypothecari
2924 3615 2943 3646 ,
2988 3557 3297 3659 quando

520 3720 564 3767 a
607 3711 948 3768 testatore
978 3710 1083 3767 est
1120 3689 1506 3798 prohibita
1539 3686 2644 3762 alienatio..

617 3817 1109 3893 Alienationis
1145 3813 1564 3920 prohibitio
1604 3810 2026 3888 extenditur
2070 3776 2170 3885 ad
2212 3835 2514 3885 omnem
2545 3825 2797 3882 actum
2837 3833 2926 3882 ex
2955 3834 3106 3910 quo
3137 3835 3300 3912 per-

514 3944 722 4019 venit
759 3943 856 4020 ad
896 3942 1439 4019 alienationem.

614 4069 944 4146 Alienari
980 4067 1366 4175 prohibita
1402 4092 1560 4143 non
1592 4022 1910 4142 veniunt
1945 4064 2028 4139 in
2053 4061 2377 4164 generali
2421 4059 2878 4163 obligatione
2908 4097 3003 4113 —
3036 4059 3293 4133 contra

520 4195 774 4270 omnia
814 4221 984 4298 quae
1022 4212 1324 4299 possunt
1352 4189 1665 4269 alienari
1698 4206 2003 4296 possunt
2042 4184 2552 4293 hypothecari.
