4782 6002
2505 78 2952 155 ...g-

1084 292 1409 362 remotae
1458 290 1668 374 snut,
1720 288 1954 359 restat
2004 284 2191 357 enim
2246 278 2510 358 Const.
2561 282 2612 354 5
2663 276 2856 355 Cod.
2909 276 3006 352 de
3054 276 3145 351 R.
3194 276 3293 352 V.
3345 281 3478 370 (3,
3517 280 3682 370 32).
3801 278 3888 355 Si
3941 306 4031 354 m.
4085 281 4136 356 f.
4187 306 4366 382 pos-¹-

1080 446 1336 498 sessor
1400 425 1764 520 impensas
1837 443 1983 494 nou
2048 422 2512 497 necessarias
2571 418 2794 508 fecit,
2867 438 3114 491 earum
3165 417 3522 491 rationem
3571 416 3830 492 haberi
3886 442 4027 493 non
4097 445 4320 519 posse
4343 476 4365 512 ,

1082 564 1512 659 rescriptum
1577 567 1738 653 est,
1814 580 1998 657 ergo
2052 553 2530 635 contenditur
2572 560 2644 631 in
2696 557 3038 654 impensis
3089 556 3534 629 necessariis
3554 609 3576 648 ,
3652 565 3735 629 ut
3788 581 3886 632 ex
3939 570 4365 670 argumento

1078 724 1131 774 a
1179 701 1552 774 contrario
1601 696 2012 772 luculenter
2059 704 2455 796 appareat,
2505 699 3013 795 repetitionem
3066 699 3135 771 ei
3189 718 3618 772 concessam
3671 721 3883 789 esse3
3931 698 4016 774 'at
4059 701 4362 776 verbum

1080 889 1125 930 ,‚
1150 838 1495 935 repetitio
1514 842 1559 880 “
1607 835 1730 911 hic
1781 835 2149 933 significat
2195 834 2273 909 id
2324 833 2521 933 qnod
2573 838 2901 910 vicissim
2940 836 3399 934 postulatur,
3452 838 3769 935 talisque
3811 844 4160 938 repetitio
4203 842 4268 916 b.
4311 842 4361 917 f.

1077 979 1501 1077 possessori
1551 979 2074 1052 constitutione
2124 980 2354 1051 citata
2403 973 2875 1066 conceditur,
2929 999 3018 1047 m.
3073 974 3126 1047 f.
3177 980 3605 1073 possessori
3655 975 4089 1075 denegatur.
4194 979 4364 1056 Hoc

1078 1138 1303 1191 sensu
1336 1122 1413 1190 et
1441 1114 1608 1188 aliis
1642 1115 1832 1190 locis
1863 1115 2172 1190 verbum
2216 1168 2263 1207 ‚,
2280 1117 2608 1214 repetire
2625 1118 2672 1158 “
2715 1113 3147 1208 adhibetur,
3197 1115 3295 1190 cf.
3337 1126 3573 1191 const.
3612 1120 3703 1189 18
3743 1120 3790 1190 i.
3830 1118 3881 1191 f.
3909 1113 4103 1193 Cod.
4143 1119 4242 1194 ad
4272 1120 4361 1195 L.

1077 1255 1235 1329 Jul.
1270 1253 1368 1330 de
1406 1254 1635 1330 adult.
1671 1258 1787 1349 (9,
1821 1258 1911 1347 9)
1933 1309 1953 1346 ,
2007 1254 2414 1352 eodemque
2448 1254 2667 1330 modo
2698 1253 2926 1330 facile
2956 1254 3321 1352 explicari
3352 1264 3606 1353 potest
3641 1255 3732 1329 fr.
3762 1259 3851 1328 41
3893 1256 3989 1329 D.
4031 1256 4128 1332 de
4160 1258 4252 1333 R.
4284 1259 4360 1333 J.

1076 1416 1318 1492 neque
1380 1417 1569 1494 opus
1620 1403 1739 1469 est
1790 1392 2301 1470 emendatione
2351 1394 2484 1467 illa
2533 1396 2835 1486 critica,
2911 1393 3311 1470 secundum
3362 1420 3569 1492 quam
3620 1419 3757 1495 pro
3810 1450 3855 1488 „
3879 1401 4296 1497 repetitioni
4313 1406 4361 1443 “

1080 1531 1411 1607 omnibus
1442 1534 1954 1632 manuscriptis
1986 1532 2446 1607 obstantibus
2486 1538 2939 1626 „retentioni
2958 1541 3005 1581 “
3041 1534 3434 1634 legendum
3469 1545 3670 1612 esset
3705 1536 3794 1630 Β).
3887 1534 4010 1613 Cf.
4044 1537 4134 1612 fr.
4183 1543 4215 1612 1
4266 1540 4360 1613 Ι).

1078 1669 1171 1743 fr.
1221 1674 1312 1744 12
1365 1669 1461 1745 de
1503 1693 1670 1745 exc.
1716 1680 1794 1746 et
1831 1691 2119 1771 praesc.
2162 1673 2337 1765 (44,
2389 1673 2473 1764 1)
2524 1670 2616 1744 fr.
2667 1644 2758 1746 1‘9
2810 1673 2905 1750 de
2953 1673 3247 1774 probat.
3299 1682 3379 1750 et
3417 1697 3704 1776 praesc.
3757 1680 3942 1769 (22,
3982 1681 4096 1769 3).
4196 1678 4359 1753 De—

1078 1812 1298 1906 nique
1346 1809 1725 1907 singulare
1777 1810 2115 1907 quiddam
2168 1813 2241 1886 in
2289 1811 2583 1910 legibus
2634 1812 3027 1888 notandum
3079 1814 3241 1907 est,
3313 1818 3386 1887 in
3454 1813 3712 1888 dirutis
3763 1817 3949 1890 enim
4003 1816 4361 1893 aedificiis

1079 1971 1205 2024 res
1256 1956 1335 2024 et
1381 1952 1734 2025 materiae
1802 1949 1900 2024 ad
1948 1948 2481 2027 aedificandum
2530 1955 3005 2028 necessariae
3053 1954 3207 2051 peti
3257 1960 3611 2052 possunt,
3682 1975 3919 2049 neque
3971 1976 4159 2028 vero
4222 1960 4362 2029 im·-

1078 2111 1399 2189 pensae,
1473 2099 1553 2163 ut
1602 2092 1915 2188 apparet
1963 2114 2065 2166 ex
2114 2091 2206 2164 fr.
2260 2095 2308 2164 ’1
2358 2098 2431 2178 s.
2491 2093 2586 2164 10
2635 2087 2732 2165 de
2781 2113 2942 2189 aeq.
2995 2114 3140 2167 rer.
3195 2089 3383 2165 dom.
3436 2094 3609 2184 (41,
3657 2094 3738 2183 1)
3807 2095 3884 2164 et
3943 2113 4042 2165 ex
4113 2098 4364 2166 const.-

1078 2234 1127 2301 2
1179 2224 1371 2304 cod.
1425 2228 1520 2304 de
1561 2229 1652 2303 R.
1693 2230 1792 2303 V.
1845 2234 1974 2324 (2,
2016 2233 2180 2323 32).
2280 2230 2482 2305 Usus
2531 2229 2680 2305 fori
2730 2238 2971 2307 autem
3021 2233 3426 2307 certissime
3473 2231 3672 2309 illam
3724 2255 3947 2330 supra
3997 2252 4357 2307 memora·-

1078 2366 1225 2441 tam
1274 2365 1716 2444 communem
1765 2372 2177 2468 opinionem
2227 2377 2529 2445 secutus
2579 2375 2697 2443 est
2733 2368 2831 2464 9).
2957 2368 3394 2445 Possessori
3444 2377 3683 2445 antem
3748 2394 3895 2445 non
3946 2369 4162 2446 modo
4215 2394 4357 2447 ex-

1079 2506 1368 2608 ceptio,
1438 2535 1692 2586 verum
1743 2515 1960 2586 etiam
2011 2515 2329 2588 retentio
2381 2514 2743 2587 concessa
2793 2513 2946 2600 est,
3019 2530 3162 2583 non
3218 2506 3497 2583 idcirco
3550 2510 3719 2605 quia
3770 2508 4153 2607 possidet,
4220 2509 4359 2585 sed

1079 2672 1181 2724 ex
1230 2653 1394 2749 ipsa
1440 2654 1872 2726 retentionis
1936 2660 2240 2743 natura,
2313 2653 2483 2748 qnia
2544 2648 2816 2726 tamdiu
2877 2670 3036 2724 cnm
3106 2671 3198 2723 eo
3264 2656 3476 2723 actor
3538 2651 3614 2721 in
3683 2648 4145 2747 obligatione
4195 2662 4314 2726 est
4335 2702 4355 2740 ,

1080 2786 1417 2885 q'uamdiu
1464 2790 1832 2889 impensas
1881 2810 2027 2865 non
2075 2792 2420 2865 restituit.
2534 2788 2748 2864 Nihil
2798 2768 2985 2867 enim
3034 2786 3234 2863 aliud
3285 2791 3602 2864 retentio
3655 2795 3812 2882 est,
3885 2792 4026 2863 nisi
4069 2793 4198 2889 jus
4247 2795 4357 2867 rei

1076 2924 1349 3001 tamdiu
1392 2923 1824 3007 retinendae
1844 2983 1867 3025 ,
1921 2928 2258 3029 quamdiu
2305 2938 2552 3007 mutua
2601 2931 2956 3030 obligatio
3009 2928 3323 3006 nondum
3359 2928 3607 3004 soluta
3644 2938 3781 3008 est.
3883 2930 4056 3008 Hoc
4087 2937 4216 3033 jus
4255 2932 4353 3011 ob

1076 3065 1441 3165 impensas
1509 3071 1585 3143 in
1655 3092 1808 3145 rem
1874 3069 2118 3145 factas
2186 3073 2607 3171 possessori
2668 3070 2893 3146 claris
2955 3070 3210 3146 verbis
3271 3092 3704 3146 concessum
3768 3078 3883 3145 est
3944 3069 4036 3143 fr.
4088 3073 4185 3143 33
4252 3068 4351 3148 de

1078 3206 1292 3282 cond.
1345 3207 1588 3285 indeb.
1632 3212 1808 3302 (12,
1855 3214 1944 3305 6)
1994 3209 2086 3284 fr.
2134 3213 2180 3283 2
2220 3234 2331 3310 pr.
2376 3209 2475 3286 de
2514 3209 2606 3285 L.
2649 3210 2791 3287 Rh.
2834 3215 3011 3304 (14,
3055 3214 3143 3305 2)
3192 3209 3286 3285 fr.
3338 3212 3429 3282 14
3476 3233 3587 3310 pr.
3632 3209 3727 3285 de
3766 3208 4009 3282 donat.
4052 3211 4216 3301 (39,
4253 3213 4348 3302 5)

1077 3343 1169 3416 fr.
1232 3348 1322 3416 14
1373 3353 1446 3431 s.
1497 3351 1531 3418 1
1593 3368 1845 3422 comm.
1897 3346 2049 3423 div.
2096 3351 2274 3442 (10,
2316 3351 2433 3442 3).
2534 3348 2734 3439 Quas
2785 3372 2972 3426 vero
3021 3353 3507 3450 exceptiones
3553 3348 3739 3423 haec
3787 3347 4052 3444 regula
4104 3350 4348 3449 patia-

1075 3487 1195 3556 tur
1213 3533 1234 3574 ,
1301 3479 1496 3557 infra
1539 3486 1952 3559 accuratius
2002 3484 2432 3563 videbimus.
2556 3489 2753 3565 Hlud
2802 3499 3044 3566 autem
3091 3488 3479 3566 tenendum
3524 3495 3681 3582 est,
3751 3487 4123 3589 impensas
4192 3513 4349 3567 cum

1074 3618 1435 3697 fructibus
1485 3625 1858 3723 perceptis
1907 3630 2365 3726 compensari
2419 3635 2496 3703 et
2545 3651 2769 3727 posse
2820 3636 2897 3705 et
2947 3627 3246 3704 debere.
3347 3627 3479 3703 Fr.
3521 3630 3621 3701 48
3663 3625 3759 3702 de
3796 3627 3889 3702 R.
3934 3627 4034 3702 V.
4081 3631 4192 3722 (6,
4243 3632 4345 3719 1).

1075 3761 1167 3840 Si
1216 3787 1611 3863 possessor
1658 3787 1812 3841 rem
1861 3763 2081 3839 nullis
2127 3768 2471 3865 impensis
2524 3765 2860 3844 deductis
2908 3764 3260 3859 tradidit,
3337 3768 3408 3843 ei
3472 3764 3843 3842 condictio
3894 3764 4199 3842 indebiti
4246 3767 4342 3839 ob

1072 3900 1209 3977 has
1255 3906 1621 4003 impensas
1672 3927 2036 3983 concessa
2083 3914 2219 3981 est.
2320 3904 2453 3980 Fr.
2515 3909 2603 3979 ιε
2653 3915 2728 3996 s.
2777 3913 2829 3982 o
2878 3905 2974 3984 de
3026 3893 3240 3984 nond.
3291 3905 3536 3986 indeb.
3589 3911 3764 4001 (ιε,
3801 3911 3894 3998 o)
3944 3905 4034 3982 fr.
4078 3909 4130 3978 5
4177 3914 4250 4012 s,
4294 3911 4350 3981 a

1194 4296 1271 4374 8)
1315 4297 1583 4373 Godofr.
1626 4304 1703 4362 de
1732 4305 1808 4364 R.
1840 4308 1918 4364 J..
1978 4304 2283 4377 Quoius
2315 4309 2447 4367 eod.
2472 4310 2631 4368 loco.
2692 4308 2847 4366 Bab.
2877 4305 3095 4367 ration.
3128 4306 3204 4363 de
3235 4302 3362 4361 her.
3396 4305 3517 4376 pet.
3555 4299 3664 4380 (ὅ,
3699 4299 3776 4378 3)
3824 4303 3902 4362 ad
3941 4297 4002 4383 ὃ.
4031 4302 4114 4360 38
4152 4302 4335 4359 haec:

1317 4405 1412 4465 sio
1436 4410 1861 4482 proculdubio
1891 4412 2087 4486 accipi
2116 4413 2324 4489 debet,
2354 4418 2423 4472 nt
2452 4428 2561 4473 eos
2593 4417 2867 4488 repetant
2878 4403 3004 4487 ‘per
3027 4407 3422 4470 retentionem
3447 4410 3708 4487 tantum,
3743 4423 3866 4469 non
3892 4425 4003 4483 per
4026 4409 4335 4468 actionem.

1194 4571 1269 4647 9)
1309 4573 1668 4637 Moluium
1700 4579 1779 4638 ad
1811 4580 1995 4642 Gonu.
2028 4583 2168 4643 Par.
2205 4587 2250 4643 t.
2277 4584 2336 4642 1.
2379 4580 2446 4656 3.
2474 4585 2534 4642 1.
2577 4586 2673 4646 el.
2704 4584 2819 4647 No.
2852 4583 2994 4646 1⁰6.
3075 4582 3358 4642 Sumen
3396 4579 3478 4642 11
3515 4580 3601 4639 th.
3635 4580 3742 4640 36.
