4782 6002
809 5826 892 5837 *⁸*
929 5828 1264 5848 -ῌ-ῌ.
1297 5836 1342 5847 ι.-
1429 5828 1454 5845 Ω

2737 355 2781 422 4

1450 504 1534 574 Et
1566 501 1883 598 primum
1923 527 2058 574 usu
2097 501 2589 574 introductum
2631 520 2733 574 est
2773 518 2853 576 ut
2892 503 3019 573 filii
3065 505 3358 576 familias
3394 507 3467 577 in
3507 507 3835 578 castrensi
3876 507 4154 603 peculio
4194 515 4203 522 ’

1348 633 1500 702 vice
1557 645 1839 726 patrum
1895 630 2320 702 familiarum
2378 619 2908 729 fungerentur¹.
2966 632 3046 701 ln
3097 634 3425 704 castrensi
3482 635 3756 729 peculio
3820 659 3925 704 res
3986 646 4155 704 sunt

1352 781 1599 828 omnes
1651 780 1826 854 quas
1880 756 2071 827 filius
2126 757 2421 828 familias
2464 758 2537 826 in
2593 756 2845 828 militia
2895 759 3289 854 acquisivit.
3718 843 3721 848 ‚

1458 882 1796 980 Exemplo
1856 883 2106 980 prioris
2157 882 2630 954 constitutum
2685 897 2789 954 est
2856 883 3213 980 peculium
3270 885 3470 980 quasi
3523 901 3866 956 castrense
3914 882 4152 983 quod,

1358 1024 1519 1105 post
1571 1009 1877 1080 diversas
1925 1009 2107 1104 juris
2163 996 2659 1094 mutationes²,
2715 1010 2957 1080 omnia
3015 1011 3260 1081 salaria
3315 1013 3418 1082 vel
3474 1011 3821 1108 stipendia
3873 1012 4159 1108 publica

1355 1163 1394 1207 a
1448 1137 1614 1207 filiis
1655 1135 1950 1206 familias
2005 1121 2330 1232 percepla
2383 1134 2946 1232 comprehendit.

1457 1262 1598 1353 Qui
1672 1263 1938 1333 habent
2005 1276 2350 1333 castrense
2419 1262 2775 1358 peculium
2854 1264 2957 1333 vel
3019 1265 3564 1360 quasicastrense
3624 1265 3701 1334 in
3767 1290 3841 1334 ea
3916 1261 4157 1333 condi-

1358 1393 1551 1461 tione
1604 1403 1771 1460 sunt
1827 1404 1906 1460 ut
1958 1390 2224 1460 donare
2275 1404 2343 1459 et
2399 1390 2649 1461 mortis
2698 1415 2905 1461 causa
2958 1405 3027 1462 et
3079 1416 3224 1462 non
3263 1393 3512 1462 mortis
3563 1416 3769 1463 causa
3823 1405 4154 1486 possunt,

1358 1541 1523 1588 cum
1582 1518 1975 1587 testamenti
2034 1518 2407 1587 factionem
2463 1504 2841 1588 habeant.3

1461 1646 1631 1715 Jure
1684 1644 2122 1716 Justinianeo
2186 1644 2549 1738 peculium
2603 1644 3071 1715 adventitium
3126 1644 3389 1716 donare
3444 1661 3671 1741 potest
3723 1644 3914 1715 filius
3964 1642 4161 1714 fami-

1362 1771 1485 1841 lias
1537 1795 1702 1841 cum
1758 1770 1979 1865 hujus
2033 1769 2286 1866 peculii
2342 1768 2750 1840 dominium
2809 1770 3063 1842 habeat
3102 1784 3170 1841 et
3211 1785 3407 1866 pater
3456 1786 3734 1842 tantum
3789 1769 4159 1840 dimidiam

1362 1898 1808 1969 ususfructus
1861 1910 2131 1991 partem
2188 1896 2535 1967 retinendi
2599 1898 2719 1990 jus
2775 1897 3029 1968 habeat
3093 1912 3249 1992 post
3300 1895 3428 1968 filii
3467 1883 4156 1993 emancipationem⁴.

1362 2022 1789 2094 Donationes
1840 2036 2077 2092 autem
2133 2020 2306 2090 huic
2374 2021 2680 2118 parentis
2726 2023 2873 2114 juri
2937 2047 3183 2093 nocere
3243 2047 3386 2092 non
3456 2020 3739 2093 debent.
3793 2020 4157 2092 Peculium

1363 2149 1877 2243 profectitium,
1915 2146 1986 2217 id
2015 2162 2121 2218 est
2147 2145 2344 2242 quod
2385 2173 2424 2217 a
2459 2133 2746 2241 parente
2791 2146 3297 2242 proficiscitur,
3330 2145 3524 2219 filius
3566 2148 3863 2218 familias
3899 2145 4161 2216 donare

1365 2303 1510 2348 non
1570 2289 1792 2370 potest
1826 2333 1840 2360 ‚
1898 2299 2128 2371 neque
2185 2275 2242 2344 si
2314 2275 2605 2344 liberam
2683 2276 2938 2370 peculii
3007 2276 3684 2346 administrationem
3755 2274 4049 2356 habeat3
4100 2273 4157 2343 si

1364 2404 1526 2499 quis
1562 2417 1801 2473 autem
1842 2399 1992 2472 filio
2033 2401 2330 2472 familias
2366 2401 2659 2470 liberam
2703 2400 2956 2495 peculii
3002 2399 3683 2471 administrationem
3724 2399 4059 2470 concessit
4093 2411 4163 2467 et

1366 2530 1788 2601 nominatim
1845 2526 2099 2626 adjecit
2149 2529 2247 2598 sic
2299 2554 2369 2598 se
2421 2530 2481 2597 ei
2529 2528 2911 2598 concedere
2964 2543 3046 2599 ut
3085 2527 3348 2598 donare
3383 2552 3672 2624 quoque
3701 2526 3914 2622 possit
3943 2581 3957 2608 ,
3994 2549 4158 2594 eum

1366 2656 1633 2727 donare
1680 2681 1882 2751 posse
1934 2681 2080 2726 non
2132 2655 2443 2726 dubium
2490 2643 2664 2725 est.⁵

1467 2782 1835 2867 Mulieres,
1882 2806 2034 2877 quae
2063 2782 2214 2875 jam
2253 2780 2382 2851 diu
2423 2805 2565 2850 non
2602 2782 2673 2849 in
2727 2780 2948 2850 tutela
2985 2793 3155 2849 sunt
3192 2779 3459 2848 donare
3498 2800 3608 2846 res
3645 2800 3804 2846 suas
3844 2787 4161 2870 possunt.

1471 2907 1644 2977 Item
1688 2931 1974 2991 uxoreS,
2038 2906 2223 2976 bona
2272 2904 2738 3001 parapherna.
2784 2903 3011 2974 Fundi
3047 2902 3315 2974 dotales
3351 2917 3588 2974 autem
3636 2927 3676 2970 a
3722 2901 3872 2972 viro
3913 2898 4159 2969 donari

1370 3061 1517 3107 non
1572 3050 1914 3131 possunt,
1972 3059 2204 3130 neque
2254 3033 2738 3105 consentiente
2790 3018 3155 3103 muliere.‘⁵

1471 3163 1734 3257 Pupilli
1790 3176 1859 3232 et
1903 3168 2244 3246 minoreS,
2287 3185 2517 3256 quum
2558 3158 2923 3229 meliorem
2965 3158 3258 3255 quidem
3297 3181 3497 3228 suam
3539 3154 4017 3226 conditionem
4063 3151 4158 3221 eis

1370 3289 1591 3359 facere
1628 3289 1863 3375 liceat,
1898 3289 2049 3359 sine
2086 3288 2345 3359 tutoris
2393 3286 2811 3358 auctoritate
2848 3300 2972 3356 aut
3014 3286 3361 3358 curatoris
3399 3308 3745 3357 consensu
3782 3282 3916 3353 sibi
3953 3280 4154 3349 factas

1370 3413 1789 3484 donationes
1839 3414 2154 3508 accipere
2207 3426 2525 3509 possunt.
2551 3400 2577 3442 ⁷

1473 3539 1668 3611 ldem
1711 3539 2032 3611 dicamus
2065 3538 2155 3610 de
2196 3537 2530 3637 prodigis,
2565 3539 2798 3610 Mente
2835 3552 3084 3634 captus
3124 3553 3361 3610 autem
3387 3594 3403 3625 ,
3452 3537 3587 3608 nisi
3623 3532 4041 3607 intermissio
4070 3530 4157 3599 sit

1456 3873 1496 3903 1.
1537 3852 1619 3905 Fr.
1653 3872 1713 3917 2,
1746 3852 1843 3918 D.,
1876 3852 1951 3906 De
1982 3864 2137 3906 senat.
2177 3851 2369 3907 Maced.
2401 3852 2532 3919 XIV,
2564 3851 2612 3905 6.

1453 3974 1497 4005 2.
1538 3951 1708 4007 Const-
1743 3955 1803 4017 37
1822 3993 1837 4020 ,
1871 3952 1953 4021 C.‚
1985 3955 2062 4008 De
2090 3953 2270 4008 inoffic.
2302 3966 2413 4008 test.

1451 4056 1498 4105 3.
1537 4054 1621 4106 Fr.
1666 4074 1720 4119 7,
1752 4049 1798 4123 §-
1830 4053 1891 4121 6,
1924 4054 2023 4122 D.,
2053 4054 2106 4109 h.
2138 4068 2212 4122 t.,
2245 4055 2362 4126 Ulp.

1451 4159 1497 4220 4.
1537 4149 1582 4224 §-
1618 4156 1943 4223 2,1nst.11‚
1976 4176 2022 4230 9.

1452 4261 1497 4309 5.
1538 4258 1620 4311 Fr.
1657 4279 1702 4323 7,
1736 4253 1781 4327 §-
1817 4279 1880 4326 2,
1913 4259 2061 4331 Ulp„
2093 4260 2187 4327 D.,
2218 4259 2270 4314 h.
2304 4273 2339 4312 t..

1452 4359 1500 4411 6.
1543 4359 1624 4412 Pr.
1657 4358 1779 4414 Inst.
1811 4361 1859 4415 11
1879 4399 1895 4427 ‚
1927 4362 1974 4415 8.

1455 4481 1499 4523 7.
1541 4460 1621 4513 Pr.
1653 4462 1801 4529 lust„
1833 4462 1908 4517 De
1940 4475 2063 4516 auct.
2095 4475 2219 4529 tut.,
2253 4464 2305 4531 1,
2339 4484 2418 4516 21.

4328 5940 4607 5989 Q
4628 5870 4696 5990 ,A
