4782 6002
2247 444 2359 461 ....
2474 397 2546 480 4
2659 445 2770 462 ..-

849 605 1222 704 adjectum
1280 599 1691 701 significare
1707 649 1731 694 ,
1799 596 2198 676 debitorem
2253 597 2400 674 hoc
2461 594 2582 673 die
2639 597 2939 676 solvere
2960 650 2982 690 ,
3054 619 3292 697 eoque
3337 599 3531 678 ultro
3583 603 3914 701 promissi
3947 599 4173 698 ,fidem

847 759 1221 851 praestare
1262 746 1576 840 debere3
1638 744 2038 821 debitorem
2085 742 2208 819 die
2248 741 2587 842 adjecto,
2664 765 2812 840 quo
2848 750 3174 844 tempore
3206 745 3496 842 solvat,
3560 752 3948 825 certiorem
3979 749 4177 842 flmi3

850 894 971 973 die
1000 900 1020 971 i
1052 894 1332 996 adjecti
1376 919 1589 972 unum
1634 916 1802 969 esse
1857 892 2071 969 finem
2087 944 2110 986 ,
2184 898 2265 966 ut
2298 887 2623 967 creditor
2655 887 2966 988 molesta
3006 887 3594 987 interpellatione
3643 890 4009 968 liberetur.
4075 904 4176 948 -2

848 1042 1066 1117 Mora
1097 1049 1305 1119 certo
1343 1040 1465 1115 die
1512 1039 1766 1138 elapso
1808 1040 1965 1114 sine
1996 1035 2580 1135 interpellatione
2609 1034 2919 1131 cogitari
2965 1036 3233 1131 nequit.
3332 1032 3660 1133 Culposa
3697 1027 3973 1114 tantum
4014 1039 4175 1116 sol.

852 1184 1146 1263 vendae
1177 1184 1559 1260 solutionis
1596 1183 1909 1282 prolatio
1950 1202 2152 1254 mora
2194 1187 2330 1253 est.
2420 1179 2798 1256 Debitoris
2820 1180 3036 1280 culpa
3071 1179 3246 1257 inde
3280 1184 3539 1277 oritur,
3589 1183 3789 1281 quod
3825 1184 3923 1262 ad
3967 1186 4175 1263 solu-

849 1337 1117 1408 tionem
1143 1336 1589 1432 provocatus
1630 1327 1839 1413 nihil,
1908 1349 2052 1425 quo
2097 1348 2267 1402 sese
2309 1347 2669 1402 excusare
2701 1326 2970 1423 possit,
3035 1323 3323 1403 habeat.
3426 1324 3588 1405 Sed
3638 1350 3776 1404 nec
3821 1330 3985 1407 dies
4037 1331 4174 1407 ad-

838 1481 1090 1577 jectus
1128 1500 1266 1554 nec
1300 1475 1685 1575 prolapsus
1721 1471 1909 1546 hanc
1944 1472 2545 1569 provocationem
2583 1475 2922 1547 continet.
2971 1512 3075 1531 —-·
3121 1471 3303 1549 Dies
3352 1478 3423 1548 in
3478 1473 3826 1552 debitoris
3874 1483 4174 1576 gratiam

847 1620 1227 1721 adjicitur,
1276 1618 1571 1697 debitor
1611 1639 1729 1711 eo,
1777 1622 1858 1691 ut
1891 1616 2473 1717 interpellatione
2493 1615 2864 1709 liberetur,
2913 1640 3051 1717 pro
3069 1640 3156 1694 se
3181 1621 3281 1693 uti
3315 1640 3462 1692 non
3483 1627 3750 1718 potest.
3771 1661 3873 1677 —-
3894 1627 3984 1717 Β)
4016 1624 4171 1701 Le-
4227 1667 4232 1672 -

842 1790 1014 1866 ges,
1072 1789 1258 1866 quae
1302 1763 1400 1839 de
1420 1760 1745 1863 juridica
1786 1765 1972 1839 certi
2011 1760 2159 1837 diei
2196 1769 2453 1840 natura
2483 1768 2746 1859 agunt,
2792 1783 2885 1838 eo
2925 1761 3032 1836 nil
3070 1760 3270 1838 aliud
3298 1760 3492 1840 effici
3521 1761 3917 1858 affimant,
3963 1792 4172 1866 quam

842 1919 922 1986 ut
968 1911 1238 1986 solutio
1273 1905 1724 2007 proferatur3
1789 1895 2255 2007 creditorem
2280 1910 2676 2006 praeterito
2732 1914 3005 1986 tantum
3046 1906 3171 1987 die
3208 1917 3462 2009 petere
3477 1946 3484 1952 ·
3499 1933 3724 2010 posse
3744 1965 3766 2005 ,
3818 1918 4172 2010 praescri-

841 2058 1054 2149 buut3
1122 2054 1243 2131 ubi
1287 2051 1448 2131 dies
1484 2077 1633 2130 non
1678 2052 2021 2153 adjicitur
2038 2107 2060 2147 ‚
2132 2076 2226 2130 ne
2272 2055 2561 2130 minimo
2601 2052 2892 2152 quidem
2930 2058 3274 2154 temporis
3314 2057 3554 2155 spatio
3607 2058 4023 2154 interjecto.
4073 2097 4175 2114 —

841 2205 933 2295 3)
979 2201 1268 2301 Reges,
1336 2203 1411 2274 in
1471 2200 1729 2297 quibus
1780 2198 1879 2276 de
1922 2223 2173 2277 morae
2221 2202 2509 2301 origine
2544 2202 2922 2280 disseritur
2937 2258 2959 2298 ‚
3035 2229 3240 2280 unam
3281 2211 3553 2292 tantum
3591 2208 3940 2282 rationem
3986 2205 4171 2282 affe-

839 2356 1053 2425 runtz
1112 2345 1765 2448 interpellationem
1782 2400 1805 2441 ‚
1869 2345 2071 2423 nullo
2120 2372 2453 2446 purarum
2495 2350 3016 2447 obligationum
3045 2373 3426 2451 earumque
3450 2406 3471 2443 ,
3533 2351 3789 2451 quibus
3829 2349 3990 2429 dies
4036 2350 4172 2427 ad-

833 2501 1087 2595 jectus
1122 2504 1275 2589 est,
1326 2492 1737 2571 discrimine
1761 2491 1964 2569 facto
2000 2493 2121 2587 ¹⁰).
2172 2535 2274 2549 —-
2321 2498 2412 2587 4)
2454 2494 2686 2574 Nulla
2721 2495 2852 2573 lex
2881 2504 3037 2590 est,
3109 2521 3253 2597 qua
3285 2495 3445 2573 dies
3477 2505 3724 2576 certus
3753 2500 3911 2575 sine
3944 2500 4171 2575 iuter-2

842 2641 1246 2740 pellatione
1281 2664 1547 2718 moram
1572 2639 1881 2716 efficere
1920 2640 2187 2739 legitur
2220 2641 2337 2734 ¹¹).

1042 2783 1325 2864 Contra
1360 2785 1544 2861 haec
1589 2787 1735 2860 viri
1779 2783 1980 2859 docti
2032 2795 2452 2883 argumenta
2502 2810 2763 2865 moneo
2805 2788 3026 2866 haec:

846 2927 879 2944 ““
1037 2931 1277 3011 Recte
1307 2935 1482 3030 jure
1526 2930 1839 3031 consulti
1882 2930 2205 3013 Romani,
2241 2931 2922 3033 dieiadjectionem
2957 2958 3091 3035 pro
3137 2957 3267 3012 reo
3309 2958 3514 3030 esse,
3579 2960 3726 3014 non
3766 2958 3898 3036 pro
3937 2940 4168 3036 stipu-

840 3080 1078 3156 latore
1098 3134 1119 3172 ,
1167 3079 1512 3156 scribunt.
1613 3078 1809 3153 Nam
1854 3103 2067 3178 quum
2112 3082 2207 3155 in.
2227 3079 2793 3178 obligationibus
2838 3084 2998 3157 sine
3045 3078 3166 3158 die
3218 3079 3520 3181 adjecto
3567 3081 3888 3158 creditor
3927 3087 4167 3157 statim

844 3224 1243 3301 debitorem
1288 3235 1543 3325 petere
1600 3227 1863 3321 possit,
1940 3221 2349 3301 secundum
2398 3190 2724 3323 regulam
2741 3279 2762 3316 ,
2837 3223 3084 3326 „quod
3124 3229 3282 3302 siue
3336 3224 3456 3303 die
3508 3224 3816 3303 debetur
3835 3282 3856 3320 ,
3929 3231 4168 3303 statim

844 3368 1196 3448 debetur“

1116 3513 1121 3516 ’
1623 3519 1673 3592 l.
1710 3521 1826 3591 21.
1857 3541 1963 3618 pr.
2002 3516 2095 3590 D.
2135 3514 2424 3615 quando
2467 3514 2629 3595 dies
2666 3516 2815 3614 leg.
2852 3519 3024 3612 (86,
3076 3521 3187 3609 2.)

1638 3664 1687 3737 1.
1724 3666 1845 3737 41.
1878 3672 1949 3752 ς.
1981 3667 2044 3737 1.
2083 3664 2177 3737 D.
2212 3662 2310 3738 de
2343 3663 2442 3737 v.
2481 3662 2571 3738 o.
2608 3665 2784 3754 (45,
2845 3665 2949 3756 ι.)

1638 3805 1688 3879 1.
1736 3809 1848 3879 14.
1882 3806 1976 3878 D.
2021 3803 2118 3879 de
2149 3805 2239 3878 R
2283 3804 2362 3879 J.
2406 3807 2575 3899 (5⁰,
2635 3809 2788 3897 ιτ.)

840 3955 1287 4054 promissoris
1329 3955 1562 4049 gratia
1599 3956 1671 4026 in
1709 3950 2292 4051 stipulationibus
2345 3960 2623 4049 tempus
2667 3947 3033 4048 adjicitur.
3134 3950 3243 4027 At
3291 3970 3600 4048 quonam
3648 3947 3953 4026 consilio
3988 3953 4161 4047 jure

839 4099 1150 4176 consulti
1186 4097 1494 4173 Romani
1542 4102 1642 4171 ita
1683 4101 2132 4198 scripserunt
2155 4095 2195 4171 ’ἔ
2257 4097 2442 4173 Hoc·
2469 4101 2875 4172 accuratius
2919 4096 3318 4173 videamus.
3421 4094 3747 4184 Quaevis
3785 4093 4156 4192 obligatio,

840 4249 959 4323 cui
1004 4242 1159 4320 dies
1213 4268 1359 4319 non
1415 4240 1793 4343 adjicitur,
1865 4239 2266 4320 debitorem
2314 4254 2598 4338 vexat,
2661 4246 2831 4342 quia
2875 4241 3200 4321 creditor
3225 4238 3552 4337 quolibet
3596 4250 3923 4338 tempore
3972 4264 4149 4328 enm,

838 4403 919 4471 ut
954 4395 1284 4494 promissi
1319 4387 1533 4468 fldem
1566 4396 1888 4491 praaetet
1907 4445 1927 4482 ,
2010 4390 2481 4490 interpellare
2532 4398 2798 4487 potest.
2923 4384 3141 4479 Quod
3200 4406 3295 4461 ne
3349 4384 3516 4477 fiat,
3607 4382 3922 4469 debitor,
3949 4394 4152 4460 cento

838 4547 1164 4637 tempore
1212 4537 1629 4637 pollicetur,
1695 4546 1771 4613 et
1814 4559 1908 4613 eo
1957 4535 2240 4637 quidem
2282 4557 2543 4627 sensu,
2615 4556 2709 4612 ne
2763 4534 2967 4607 nimis
3008 4556 3055 4605 a
3096 4528 3462 4609 creditore
3503 4541 3842 4632 urgeatur
3883 4536 3961 4603 et
3987 4542 4148 4624 ‚quo

872 4742 971 4815 ιο)
1001 4746 1039 4797 1.
1072 4742 1159 4799 ιι.
1192 4743 1258 4798 n.
1290 4743 1358 4797 «ιο
1387 4758 1536 4797 m.
1566 4740 1695 4811 (n,
1730 4744 1809 4809 ι.)

873 4858 972 4925 ιι)
1000 4860 1038 4915 ι.
1071 4878 1116 4913 c.
1152 4876 1277 4931 pag.
1315 4857 1627 4914 lae-15⁰.
