4782 6002
1970 365 2013 432 7

592 510 1047 605 stipulatione
1109 509 1562 584 comfirmatae
1613 537 1741 584 nec
1801 529 2055 610 sponte
2122 515 2424 612 impletae
2482 530 2682 588 erant
2741 518 3243 589 conventiones
3301 517 3391 589 de

589 637 800 707 rebus
841 636 1194 709 donandis
1228 637 1447 726 factae,
1482 652 1765 711 tantum
1812 639 2015 712 nudae
2051 642 2411 736 pactiones
2452 642 2867 731 manebant,
2909 643 3391 739 exceptionem

590 787 734 833 non
771 764 1121 835 actionem
1171 753 1581 860 parienteS.¹

690 889 953 960 Rerum
1004 891 1313 986 mancipi
1358 890 1778 964 donationes
1825 893 2347 989 mancipatione
2389 895 2500 965 vel
2553 895 2627 963 in
2678 894 2841 989 jure
2884 895 3193 966 cessione
3256 896 3390 965 im-

596 1014 859 1110 plendae
898 1004 1169 1089 erant.2
1221 1019 1353 1089 Res
1404 1020 1712 1115 mancipi
1754 1021 1981 1106 enim,
2027 1021 2084 1091 si
2126 1034 2413 1093 tantum
2451 1020 2720 1093 traditae
2757 1037 2991 1110 erant,
3050 1023 3125 1093 in
3181 1023 3390 1093 bonis

594 1143 1000 1239 accipientis
1041 1143 1561 1235 efficiebantur,
1617 1171 1696 1217 ex
1748 1147 1915 1242 jure
1973 1148 2367 1241 Quiritium
2416 1146 2581 1220 vero
2637 1148 2971 1220 donantis
3021 1126 3394 1245 'permane-

597 1267 805 1355 bant‚
877 1267 1105 1342 donec
1173 1271 1514 1366 usucapio
1573 1271 1864 1367 impleta
1926 1259 2140 1343 erat.³
2212 1274 2344 1344 Res
2405 1297 2534 1344 nec
2586 1274 2895 1369 mancipi
2949 1298 3113 1344 vero
3174 1273 3391 1345 tradi·

594 1397 790 1467 tione
840 1397 914 1466 in
963 1396 1368 1469 dominium
1418 1400 1824 1495 accipientis
1875 1400 2498 1472 transferebantur.
2553 1402 2727 1472 Tota
2768 1414 3006 1472 autem
3048 1400 3144 1471 rei
3187 1400 3393 1472 facies

595 1522 901 1593 subinde
946 1539 1213 1596 mutata
1266 1539 1388 1595 est.
1937 1503 1940 1506 Δ

700 1651 1168 1747 Dispiciamus
1223 1651 1539 1747 primum
1576 1651 1667 1723 de
1713 1652 2225 1723 donationibus
2271 1678 2423 1749 quae
2463 1654 2700 1725 statim
2751 1655 3164 1749 implentur.
3215 1651 3392 1724 Cum

602 1778 879 1848 sublata
931 1778 1022 1848 sit
1060 1776 1293 1846 omnis
1340 1774 1736 1848 differentia
1790 1778 1973 1849 inter
2025 1802 2132 1848 res
2185 1778 2494 1874 mancipi
2539 1779 2648 1848 vel
2695 1803 2825 1849 nec
2867 1779 3210 1874 mancipi,
3259 1792 3399 1849 tra-

600 1901 872 1974 ditione
914 1905 1394 1973 consummari
1432 1918 1728 1998 possunt
1769 1927 2015 1974 omnes
2059 1901 2478 1974 donationes
2525 1928 2764 1975 rerum
2796 1905 3295 2000 corporalium.

703 2031 826 2101 Rei
880 2028 1171 2101 traditio
1211 2026 1298 2101 fit
1341 2029 1634 2100 diversis
1681 2027 2085 2101 traditionis
2133 2030 2408 2100 usitatis
2465 2029 2724 2119 modiS‚
2775 2032 2872 2102 ita
2915 2056 3039 2127 per
3089 2032 3402 2124 interpo-

604 2160 811 2232 sitam
850 2182 1271 2254 personam;
1324 2156 1409 2227 fit
1457 2157 1668 2227 etiam
1710 2180 1875 2227 cum
1915 2157 2375 2252 accipientem
2414 2158 2625 2252 jubet
2661 2157 2966 2230 donator
3013 2157 3210 2255 quod
3253 2158 3403 2252 ipse

610 2285 921 2357 habebat
957 2285 1093 2355 sibi
1142 2274 1453 2355 habere⁴
1474 2340 1490 2370 ,
1529 2297 1655 2354 aut
1711 2310 1876 2355 cum
1922 2308 2074 2355 rem
2122 2285 2433 2382 aliquam
2476 2284 2812 2356 donando
2867 2287 3401 2358 usumfructum

610 2413 762 2507 ejus
803 2400 1127 2484 retinet.⁵

710 2540 849 2610 Has
885 2538 1084 2609 fictas
1119 2536 1216 2608 rei
1263 2535 1533 2606 donatae
1570 2534 1983 2606 traditiones
2018 2536 2170 2629 jam
2214 2559 2345 2605 suo
2384 2549 2706 2629 tempore
2759 2535 3047 2607 usitatas
3098 2536 3409 2607 abolevit

611 2664 1111 2736 Constantinus
1153 2675 1223 2733 ct
1259 2661 1741 2732 necessitatem
1797 2661 2180 2756 corporalis
2236 2658 2639 2732 traditionis
2699 2660 3052 2732 advocatis
3110 2662 3410 2734 testibus

609 2791 954 2888 imposuit
974 2775 1024 2860 ⁶.
1070 2789 1177 2861 Ab
1232 2786 1547 2859 Honorio
1594 2802 1663 2859 et
1707 2785 2106 2859 Theodosio
2149 2800 2389 2858 autem
2432 2787 2766 2860 restitutae
2805 2776 3038 2859 sunt.⁷

713 2919 979 2989 Rerum
1021 2912 1577 3010 incorporalium
1629 2911 2049 2983 donationes
2092 2912 2295 3010 quasi
2343 2912 2725 2984 traditione
2764 2913 3177 3008 implentur.

720 3042 1143 3113 Donationes
1202 3038 1524 3131 nondum
1570 3041 1895 3135 impletas
1948 3039 2345 3135 inscriptis
2386 3037 2541 3110 fieri
2572 3040 2787 3134 jussit
2819 3028 3408 3127 Constantinus⁸‚

611 3195 722 3241 eas
759 3194 924 3242 vero
948 3170 1220 3240 nullam
1247 3166 1641 3263 producere
1676 3167 2179 3265 obligationem
2201 3165 2428 3238 donec
2448 3167 2763 3239 insecuta
2793 3168 3010 3239 fuerit
3042 3168 3332 3240 traditio
3354 3154 3405 3236 ⁹.

701 3526 739 3557 1.
773 3504 856 3556 Fr.
892 3523 937 3566 7,
968 3497 1015 3572 5.
1048 3503 1106 3567 4,
1138 3500 1256 3570 Ulp.
1290 3499 1384 3565 D.‚
1416 3498 1493 3552 De
1525 3510 1652 3568 pact.
1678 3498 1761 3562 II,
1802 3500 1873 3563 ¹4·

696 3641 740 3672 ει.
782 3620 976 3687 Fragm.
1009 3616 1152 3668 vatic.
1185 3616 1261 3668 tit.
1297 3633 1340 3677 7,
1374 3609 1418 3681 §.
1453 3614 1561 3665 313.

696 3736 745 3786 3.
784 3732 967 3797 Ga'ius,
1001 3731 1084 3797 Il,
1116 3725 1161 3799 §-
1195 3731 1274 3793 41.

699 3853 747 3915 ,4.
788 3849 870 3900 Fr.
902 3849 959 3913 4,
992 3846 1052 3912 6,
1092 3864 1174 3907 ιο,
1210 3845 1304 3910 D.,
1336 3844 1387 3896 h.
1421 3856 1454 3894 t.

705 3968 749 4018 5.
791 3962 958 4017 Const.
996 3964 1089 4026 28,
1121 3958 1177 4014 C.
1200 4000 1215 4025 ,
1243 3956 1296 4011 b.
1330 3971 1366 4011 t.

701 4084 746 4133 6.
789 4079 960 4134 Const.
999 4100 1038 4131 1.
1070 4076 1121 4130 h.
1154 4089 1189 4128 t.
1224 4077 1274 4129 in
1305 4074 1428 4128 cod.
1459 4066 1646 4127 Theod.
1666 4113 1679 4139 ,
1714 4072 1820 4126 vide
1852 4070 2069 4137 Pothier,
2104 4071 2403 4137 Pandectas,
2438 4072 2652 4139 XXXIX,
2688 4076 2748 4137 5,
2781 4073 2857 4127 ιι.0
2889 4072 3010 4126 XXI.

706 4218 749 4260 7.
790 4194 962 4250 Const.
998 4196 1059 4247 28
1080 4233 1095 4260 ‚
1130 4190 1214 4258 (3.,
1245 4192 1297 4244 h.
1330 4203 1367 4242 t.

702 4317 749 4367 8.
789 4312 959 4366 Const.
996 4313 1054 4364 25
1076 4349 1092 4375 ‚
1125 4308 1214 4375 C.‚
1249 4306 1300 4360 h.
1333 4321 1370 4360 t.

701 4452 747 4501 9.
788 4428 958 4483 Const.
994 4450 1033 4481 1.
1065 4428 1115 4481 h.
1149 4439 1185 4480 t.
1220 4427 1268 4478 in
1305 4425 1428 4479 cod.
1455 4423 1641 4478 Theod.
1667 4461 1680 4488 ‚
1714 4422 1821 4477 vide
1847 4421 2068 4487 Pothier,
2094 4422 2359 4476 Pandectas
2381 4460 2397 4487 ‚
2421 4419 2643 4487 XXXIV,
2679 4425 2738 4487 5,
2771 4421 2849 4474 n.⁰
2877 4422 2999 4476 xxl.
