4782 6002
885 28 983 109 12

882 242 1048 324 puta
1066 281 1085 319 ,
1135 231 1209 300 in
1248 229 1388 322 qua
1405 231 1692 322 ,punctis
1727 229 2158 321 singulorum
2203 227 2536 320 suffragia
2581 228 3068 319 notabantur),
3097 234 3331 318 'quum
3375 227 3811 324 dirib'eient,
3861 243 4214 327 quendam'

882 362 1392 455 deprehensum
1440 361 1802 430 tesserulae
1847 360 2331 453 conjicientem
2374 361 2443 427 in
2486 360 2831 441 loculum3
2884 382 3040 428 eum
3086 360 3177 428 ad
3221 358 3589 449 Consulem
3632 373 3924 437 tractum
3968 395 4011 439 a
4059 373 4211 444 fan:

881 494 1150 563 toribus
1187 490 1728 581 competitorum.
1811 490 1999 559 Pavo
2037 490 2298 581 surgit,
2348 491 2541 578 quod
2572 491 2722 583 ejus
2757 491 3109 561 candidati
3144 503 3374 563 custos
3408 496 3771 567 dicebatur
3807 501 4208 593 deprehen-

886 621 1050 695 ευρ
1101 632 1226 692 etc.
1323 621 1664 691 Custodes
1705 622 1884 690 enim
1915 630 1986 690 et
2019 629 2377 714 rogatores
2400 671 2421 708 ‚
2473 644 2764 710 quorum
2808 623 2938 692 una
2982 645 3140 692 cum
3186 624 3670 696 diribitoribus
3720 629 3792 696 ll.
3836 631 3909 698 ll.
3955 632 4205 704 Cicero
4322 639 4336 647 ‘

885 753 1232 835 meminit,
1271 774 1493 841 neque
1524 750 1878 820 Ernestius
1907 762 2114 843 negat
2149 773 2233 820 ex
2264 752 2789 827 candidatorum
2825 754 3065 821 amicis
3094 753 3327 823 fuisse.
3377 754 3783 845 Quanquam
3816 771 4206 854 rogatores

887 888 1007 977 qui
1057 886 1351 970 fuerint,
1400 893 1763 975 postquam
1817 882 2203 951 tabellariis·
2240 883 2517 974 iegibus
2578 884 2734 952 latis
2776 884 3119 953 desierant
3156 884 3435 975 singuli·
3463 884 3651 955 cives
3681 890 3954 980 rogari,
4003 913 4207 980 quem

885 1015 1220 1109 suffragio
1263 1022 1387 1082 suo
1431 1020 1779 1098 crearent,
1831 990 2090 1102 quidve
2145 1012 2235 1106 de
2266 1015 2430 1106 lege
2466 999 2619 1083 fieri
2656 1016 2972 1101 vellent,
3003 1004 3135 1083 non
3180 1016 3344 1084 satis
3377 1016 3639 1104 liquet;
3686 1039 3909 1107 neque
3955 1022 4211 1091 sufficit

887 1147 1282 1232 ErnestiuS,
1333 1145 1454 1233 qui
1492 1144 1793 1213 breviter
1825 1151 2121 1211 tanturn:
2170 1192 2217 1218 „
2234 1153 2432 1233 post,
2484 1143 2743 1244 inquit,
2792 1145 3067 1214 tabellis
3107 1146 3402 1214 inductis
3430 1195 3450 1232 ,
3498 1148 3746 1216 mansit
3792 1171 4037 1219 nomen
4089 1175 4208 1222 ro-

888 1272 1257 1370 gatorum.”
1307 1274 1523 1366 Cujus
1552 1274 1611 1343 si
1638 1273 1810 1342 haec
1841 1273 2179 1342 sententia
2206 1278 2350 1360 est,
2368 1274 3054 1365 rogatoresinstituta
3090 1274 3515 1368 suffragandi
3548 1278 3809 1346 ratione
3834 1300 3957 1369 per
3986 1279 4211 1348 tabel-

888 1408 990 1475 las
1030 1429 1161 1476 non
1187 1405 1481 1496 amplius
1515 1403 1865 1471 adhibitos
1893 1423 2040 1472 esse
2059 1451 2079 1488 ,
2111 1401 2316 1489 quale
2357 1411 2580 1472 tamen
2603 1410 2841 1496 postea
2875 1403 3181 1493 ipsorum
3206 1404 3559 1496 negotium
3593 1405 3826 1492 fuerit,
3868 1409 4204 1500 explicare

893 1538 1222 1629 neglexit.
1286 1538 1530 1624 Neque
1562 1534 1785 1628 magis
1827 1533 2197 1623 explicavit
2239 1531 2585 1618 Adamas,
2635 1534 2756 1620 qui
2787 1555 2854 1624 p.
2882 1533 3028 1602 182
3072 1555 3188 1603 eos
3235 1535 3448 1605 fuisse
3485 1547 3749 1624 censet,
3800 1540 3922 1626 qui
3962 1538 4049 1607 ab
4081 1560 4213 1609 uno

893 1690 1170 1759 quoque
1214 1667 1499 1736 tabellas
1523 1716 1541 1750 ,
1591 1672 1760 1753 quas
1805 1665 1878 1732 in
1922 1665 2163 1732 cistam
2209 1685 2342 1731 non
2404 1664 2808 1756 conjecisset
2827 1714 2848 1751 ‚
2892 1666 3451 1755 repoposcerint;
3499 1668 3734 1755 quales
3787 1667 3858 1735 in
3912 1669 4210 1737 comitiis

888 1795 1406 1886 magistratibus
1433 1794 1752 1862 creandis
1784 1802 1973 1862 certe
2005 1815 2152 1863 esse
2191 1816 2323 1862 non
2351 1803 2701 1885 poterant,
2750 1796 2873 1863 ubi
2906 1796 3214 1887 singulas
3253 1806 3515 1865 tantum
3547 1797 3856 1891 singulos
3891 1799 4075 1888 cives
4109 1807 4211 1865 ta·

894 1925 1115 1993 bellas
1153 1910 1499 2016 accepisse
1532 1929 1794 1993 certum
1831 1933 1950 1994 est.
2000 1927 2177 1995 Nam
2216 1948 2430 2015 quum
2462 1926 2891 2019 singulorum
2932 1928 3451 2019 magistratuum
3488 1949 3614 1996 non
3651 1928 3837 1996 idem
3871 1940 4048 1998 esset
4086 1953 4214 1998 nu-

894 2077 1154 2140 merus,
1202 2077 1335 2146 pro
1384 2056 1580 2124 unius
1640 2056 1977 2148 cujusque
2033 2060 2292 2128 ratione
2353 2068 2456 2127 tot
2503 2080 2777 2150 semper
2830 2060 3201 2128 ministrari
3240 2059 3519 2129 tabellas
3547 2058 3994 2147 oportuisset,
4043 2069 4217 2146 quot

895 2186 1242 2259 candidati
1272 2184 1465 2253 idem
1506 2178 1726 2255 simul'
1747 2208 1989 2256 munus
2014 2197 2362 2278 peterent,
2414 2187 2604 2276 quod
2639 2184 2974 2278 plurimas
3001 2188 3241 2259 hercle
3269 2187 3708 2256 difficultates
3752 2207 4215 2278 magnamque

896 2317 1191 2385 comitiis
1223 2338 1483 2406 moram
1523 2315 1900 2401 attulisset3
1948 2327 2348 2407 exstantque
2390 2317 2634 2386 diserti
2669 2326 2976 2387 veterum
3023 2320 3164 2390 loci
3217 2317 3539 2409 (Sueten.
3583 2315 3668 2386 V.
3724 2313 3919 2384 Caes.
3969 2337 4029 2385 c.
4080 2314 4214 2399 8⁰3

856 2443 1073 2516 'le
1105 2447 1323 2539 Epist.
1361 2448 1482 2516 IV.
1529 2446 1696 2538 25),
1745 2472 1879 2518 uno
1929 2445 2300 2544 suffragio
2323 2499 2346 2532 ‚
2397 2421 2475 2519 ut
2532 2453 2629 2518 ait
2675 2450 2758 2535 Q.
2807 2449 3057 2518 Cicero
3102 2449 3229 2517 III.
3276 2444 3364 2535 5,
3413 2447 3648 2537 plures
3688 2441 4093 2516 candidatos
4139 2447 4214 2515 in

726 2553 736 2567 ’
884 2575 1031 2672 ‘una
1067 2578 1446 2670 eademque
1479 2578 1735 2647 tabella
1781 2579 2162 2650 declaratos
2198 2601 2346 2650 esse
2374 2581 2783 2671 probantes3
2834 2598 3005 2666 quos
3038 2576 3255 2645 fusius
3290 2574 3658 2645 illustravit
3680 2573 4075 2644 Wunderus
4104 2575 4147 2642 l.
4173 2574 4216 2641 l.

896 2729 965 2796 p.
991 2706 1356 2776 CXLVIII
1389 2729 1581 2795 seqq.
1600 2758 1618 2792 ,
1655 2730 1870 2795 quum
1903 2718 2135 2776 contra
2174 2708 2580 2777 Abramium
2618 2708 2709 2775 ad
2722 2707 2950 2791 Cicer.
2982 2707 3055 2774 in
3080 2705 3311 2774 Pison.
3350 2726 3411 2774 c.
3450 2704 3552 2773 4o
3597 2727 3730 2774 non
3758 2704 3962 2772 domo
3981 2703 4211 2772 allatas

895 2834 1022 2904 sed
1056 2835 1124 2902 in
1150 2834 1321 2924 ipsis
1353 2835 1650 2905 comitiis
1682 2861 1722 2906 a
1752 2837 2021 2907 civibus
2055 2848 2373 2930 acceptas
2400 2839 2904 2929 inscriptusque
2946 2835 3235 2905 tabellas
3271 2854 3419 2904 esse
3453 2834 3776 2927 disputat.
3823 2834 3963 2919 Qui
3994 2831 4214 2900 tamen

898 2965 1051 3055 ipse
1105 2965 1294 3054 quod
1353 2988 1420 3058 p.
1454 2963 1748 3037 CXLVI
1783 2977 1854 3039 et
1898 2968 2226 3039 CLXVII
2245 3021 2267 3055 ,
2319 2979 2676 3063 rogatores
2733 2970 3101 3038 arbitratur
3149 2968 3434 3038 tabellas
3478 2991 3521 3036 a
3550 2966 3820 3068 civibus
3861 2962 4215 3057 insignitas

897 3107 1103 3185 atque
1147 3098 1318 3167 latas
1370 3099 1774 3191 collegisse,
1827 3101 1922 3168 ita
1969 3111 2045 3169 ut
2092 3101 2357 3194 singuli·
2384 3124 2512 3170 non
2557 3101 2692 3192 ipsi
2726 3100 2795 3168 in
2844 3102 3081 3169 cistam
3116 3120 3229 3168 eas
3276 3097 3755 3189 injecisse‘sed
3780 3092 4215 3185 rog-acoribus

895 3227 1264 3297 tradidisse
1303 3230 1594 3320 putandi
1645 3231 1899 3316 forent,
1944 3231 2072 3299 etsi
2133 3252 2266 3301 non
2316 3252 2598 3322 prorsus
2642 3231 2831 3306 idem
2879 3229 3011 3315 sit,
3059 3227 3250 3317 quod
3289 3227 3639 3297 Grucbius
3678 3222 3929 3306 voluit,
3975 3223 4217 3291 cistam

900 3376 1017 3423 eos
1067 3357 1430 3442 detulisse,
1479 3359 1549 3425 in
1604 3380 1810 3446 quam
1857 3358 2187 3453 suffragia
2246 3359 2546 3451 populus
2604 3358 3022 3450 conjecerit,
3070 3357 3232 3428 ideo
3263 3367 3482 3426 tamen
3516 3364 3588 3423 et
3620 3355 3845 3443 ipsum
3875 3352 4055 3419 male
4101 3373 4216 3419 me

895 3483 1149 3571 habet,
1190 3485 1380 3571 quod
1411 3494 1554 3553 tum
1591 3502 1945 3579 rogatores
1962 3539 1982 3575 ‚
2015 3512 2192 3578 quae
2232 3491 2491 3582 singuli
2525 3488 2852 3582 suffragia
2887 3492 3217 3575 tulissent,
3250 3507 3667 3582 cognoscere
3693 3484 4073 3575 potuissent
4102 3504 4212 3554 ne.-

900 3635 1036 3702 que
1079 3617 1370 3707 amplius
1411 3617 1688 3685 silentio
1726 3621 2092 3690 sententiae
2126 3628 2634 3711 premerentur3
2686 3641 2899 3707 quum
2928 3620 3020 3687 ob
3067 3619 3145 3687 id
3187 3619 3452 3710 ipsum,
3499 3615 3837 3685 Cicerone
3859 3623 4055 3684 -teste
4094 3610 4213 3700 (de

901 3744 1127 3840 Legg.
1174 3745 1314 3835 111,
1365 3745 1495 3838 17)
1531 3723 1988 3834 „tabellariae
2026 3751 2221 3844 leges
2256 3746 2437 3821 latae
2472 3760 2695 3821 essent
2715 3799 2735 3836 ,
2787 3760 2864 3817 ut
2907 3758 3225 3844 tegerent
3262 3750 3448 3820 omni
3470 3750 3744 3818 'ratione
3777 3744 4214 3835 suffragiim,

899 3900 985 3949 ne
1011 3877 1168 3968 quis
1203 3878 1574 3971 inspiceret
1613 3881 1973 3968 tabellam,
2023 3904 2108 3950 ne
2133 3889 2412 3973 rogaret
2433 3930 2453 3967 ,
2486 3903 2591 3950 ne
2631 3880 3014 3971 appellaret
3028 3876 3081 3948 ’'.
3132 3880 3341 3965 Quod
3378 3880 3506 3948 uisi
3549 3880 3647 3949 ita
3676 3884 3969 3947 statuere
4013 3870 4214 3941 volu-

900 4028 1071 4094 mus,
1100 4017 1457 4101 rogatores
1490 4010 1922 4081 admonuisse
1955 4021 2218 4082 tantum
2253 4020 2324 4081 et
2353 4012 2671 4081 incitasse
2706 4010 2915 4098 cives,
2948 4020 3024 4081 ut
3044 4008 3376 4103 suffragia
3407 4006 3829 4100 conjicerent
3855 4005 3927 4074 in
3957 4005 4220 4088 cistam,

902 4137 1241 4228 simulque
1270 4140 1565 4229 vidisse,
1606 4151 1683 4211 ut
1719 4144 1942 4213 omnia
1968 4152 2158 4214 recte
2187 4153 2259 4214 et
2285 4144 2432 4213 sine
2460 4143 2707 4211 fraude
2740 4141 3237 4233 procederent,
3279 4137 3717 4229 diribitisque
3750 4135 4029 4206 tabellis
4067 4154 4218 4204 seu-

905 4268 1186 4340 tentiam
1219 4269 1523 4340 tribuum
1545 4271 1825 4341 Consuli
1862 4275 2319 4346 renuntiasse:
2359 4275 2536 4344 nihil
2568 4284 2780 4344 restat
2806 4274 2936 4343 nisi
2974 4272 3169 4342 ut-ad
3203 4294 3353 4341 eam
3390 4271 3815 4364 rogationem
3849 4267 4219 4343 redeamus,

904 4396 996 4466 «10
1037 4400 1173 4489 qus
1213 4401 1463 4471 cicero
1505 4425 1638 4493 pro
1679 4403 1963 4475 Plancio
2002 4425 2062 4476 ο.
2108 4376 2240 4473 '1⁰2
2291 4405 2578 4491 „Nam
2630 4406 2892 4495 inquit,
2941 4412 3018 4472 ut
3051 4403 3362 4475 omittam
3402 4400 3620 4485 mad,
3669 4397 3858 4487 quod
3908 4415 4038 4487 ego
4086 4407 4219 4479 pro

904 4551 988 4601 eo
1025 4529 1421 4606 laborabam
1440 4586 1460 4623 ,
1504 4534 1626 4623 qni
1657 4533 1927 4604 valebat
1965 4536 2116 4625 ipse
2150 4558 2281 4626 per
2320 4558 2509 4619 sese;
2546 4537 2813 4630 rogatio
2847 4534 2998 4626 ipsa
3031 4516 3308 4620 semper
3342 4537 3448 4600 est
3483 4525 4008 4620 gratiosissima,
4042 4540 4228 4609 qnae
