4782 6002
499 1677 849 1808 Jomxso
892 1740 1263 1809 anmuco
1304 1739 1664 1827 Faunae,
1725 1739 1995 1827 summi,
2055 1742 2168 1830 qui
2217 1757 2330 1808 res
2389 1758 2626 1810 sacras
2696 1748 2768 1812 et
2825 1745 3270 1816 scholasticas
3312 1754 3539 1836 curat,
3609 1758 3888 1824 senatus

500 1870 877 1938 consiliario
918 1870 1264 1957 eidemque
1305 1886 1351 1936 a
1391 1867 1693 1936 consiliis
1734 1885 1956 1936 rerum
1994 1867 2399 1957 publicarum
2441 1869 3129 1959 administrandarum,
3170 1878 3344 1965 patri
3382 1878 3649 1963 pietatis

1803 1996 2263 2068 documentum
2301 2015 2589 2067 sacrum.

1488 2473 2897 2565 Praetatlo.

736 2659 976 2743 ssuand
1015 2661 1118 2728 les
1158 2661 1453 2731 hommes
1505 2666 1870 2735 s'unissent
1933 2685 2020 2736 en
2062 2665 2354 2756 societe,
2417 2684 2671 2735 comme
2710 2670 2781 2734 la
2819 2667 3075 2738 societ&
3116 2673 3228 2737 est
3267 2669 3641 2739 desormais
3684 2670 3889 2736 cbar-

504 2785 643 2875 gee
681 2788 769 2854 de
801 2790 1117 2874 pourvoir
1151 2785 1195 2856 a
1233 2792 1304 2858 la
1343 2792 1570 2862 surete
1611 2795 1698 2863 de
1739 2813 1857 2863 ses
1897 2797 2264 2878 membreS,
2306 2801 2459 2862 tous
2503 2813 2583 2862 se
2623 2794 3030 2884 depouillent
3070 2813 3156 2863 en
3196 2812 3279 2861 sa
3320 2795 3560 2863 faveur
3599 2794 3687 2863 du
3716 2795 3893 2866 droit

498 2913 584 2982 de
606 2915 812 3003 punir.
852 2912 1039 2985 G’est
1067 2918 1240 2986 douc
1280 2915 1325 2986 a
1362 2921 1496 2989 elle
1538 2918 1580 2988 a
1621 2941 1889 3014 venger
1928 2924 2034 2992 les
2074 2925 2328 3014 injures
2368 2917 2836 3013 particulieres
2877 2940 2966 2991 en
3004 2920 3406 3014 protegeant
3432 2926 3540 2993 les
3568 2925 3891 3013 citoyens.

729 3367 812 3437 Si
851 3370 1153 3440 doctrina
1191 3374 1278 3442 de
1320 3376 1546 3443 causis
1587 3378 1985 3466 capitalibus
2033 3379 2356 3446 tironibus
2397 3382 2467 3447 in
2499 3380 2676 3465 Juris
2720 3382 3010 3450 seientia
3054 3400 3144 3450 ex
3201 3398 3386 3450 more
3435 3385 3659 3471 magis
3713 3387 3888 3451 arri·-

490 3499 653 3568 dere
690 3503 901 3587 solet,
958 3514 1171 3593 quam
1191 3509 1340 3595 illa,
1396 3526 1527 3598 qua
1577 3509 1665 3578 de
1705 3511 2009 3578 civilibus
2072 3510 2341 3599 agitur,
2398 3512 2723 3594 juvenum
2764 3512 3023 3580 animus
3065 3529 3260 3599 quam
3299 3515 3583 3582 maxime
3623 3517 3894 3582 tenetur

491 3629 563 3695 in
624 3634 1127 3723 contemplando
1205 3635 1410 3705 duelli
1479 3639 1754 3707 crimine
1816 3643 2005 3727 cujus
2067 3636 2497 3729 perpetrandi
2579 3615 2812 3708 variae
2885 3642 3016 3709 imo
3084 3642 3410 3730 plurimae
3472 3644 3896 3712 inveniuntur

494 3775 772 3850 causae,
835 3764 1179 3853 quodque,
1239 3785 1412 3855 quae
1449 3769 1798 3837 multorum
1839 3774 1949 3837 est
1987 3764 2356 3856 petulantia
2397 3774 2597 3859 atque
2635 3772 3079 3860 protervitas,
3136 3748 3537 3861 saepissime
3577 3773 3896 3840 committi

495 3889 791 3957 omnibus
834 3898 1119 3966 constat.
1201 3896 1483 3984 Frigido
1544 3900 2119 3967 contemnentibus
2181 3898 2373 3966 nobis
2440 3899 2657 3968 auimo
2675 3943 2696 3986 ,
2755 3917 2950 3987 quem
3005 3893 3285 3969 caedem
3339 3903 3538 3967 extra
3603 3898 3897 3967 duellum

492 4010 887 4106 admisisse,
926 4040 1121 4108 quem
1162 4024 1404 4093 furtum
1441 4026 1557 4094 vel
1598 4032 1899 4117 stuprum
1939 4028 2310 4097 violentum
2352 4028 2608 4097 fecisse
2646 4032 3120 4119 cognovimus,
3161 4028 3591 4099 excusandus
3631 4029 3896 4097 videtur

493 4128 830 4229 singulari
868 4152 1230 4220 certamine
1269 4172 1690 4245 congressus
1732 4175 1883 4225 cum
1919 4158 2308 4226 adversario
2350 4158 2666 4228 inferiore
2706 4159 3108 4229 discedente
3165 4161 3282 4229 vel
3339 4160 3540 4249 plane
3580 4175 3895 4226 succum-

491 4269 731 4358 bente,
770 4275 1187 4347 miserendus
1230 4285 1411 4371 ejus,
1454 4286 1564 4371 qui
1605 4286 1805 4353 filium
1843 4288 2265 4376 parentibus,
2306 4287 2582 4358 fratrem
2624 4290 3003 4379 sororibus,
3046 4308 3366 4379 sponsum
3411 4288 3892 4376 desponsatae,

484 4402 856 4489 conjugem
912 4410 1218 4497 conjugi,
1291 4418 1549 4499 patrem
1598 4414 1830 4483 liberis
1884 4418 2139 4506 eripuit.
2245 4418 2443 4489 Unde
2498 4420 2668 4487 haec
2732 4418 3190 4508 indulgentia,
3256 4415 3433 4485 uude
3488 4406 3897 4482 clementia?

491 4528 916 4616 Explicanda
957 4535 1114 4603 mihi
1155 4537 1421 4607 videtur
1461 4545 1596 4609 tum
1638 4561 1759 4631 eo,
1824 4544 2000 4633 quod
2052 4556 2440 4635 pugnantes
2496 4546 2717 4615 dueno
2783 4547 3134 4615 commisso
3174 4548 3461 4613 mentem
3502 4544 3723 4610 minus
3762 4542 3890 4611 de-

479 4663 834 4742 pravatam
868 4679 1063 4749 quam
1103 4665 1387 4753 siccarii,
1427 4644 1614 4737 fures
1654 4675 1858 4759 atque
1892 4691 2014 4762 per
2053 4676 2190 4741 vim
2230 4680 2611 4762 stuprantes
2653 4672 3084 4743 manifestare
3123 4674 3343 4741 solent
3383 4676 3521 4740 tum
3562 4690 3669 4760 eo,
3710 4670 3887 4759 quod

486 4781 754 4872 duella,
815 4805 1098 4877 qnorum
1162 4811 1327 4864 usus
1390 4814 1435 4864 a
1491 4797 1887 4885 quibusdam
1934 4803 2272 4873 ordinibus
2337 4801 2765 4893 privilegium
2831 4802 3089 4892 magis,
3153 4817 3347 4888 quam
3404 4802 3657 4870 crimen
3716 4799 3894 4866 solet

2100 4929 2111 4937 '
3077 4945 3132 4991 ι
