4782 6002
752 865 880 944 10

744 1063 1162 1137 manibus
1228 1065 1638 1161 quaerentis
1704 1061 1982 1161 aliquid
2042 1054 2543 1163 subjiceretur.
2599 1057 3111 1137 &cautissime-
3149 1055 3513 1135 inde·'‘lex
3559 1047 3977 1163 praecipit,
4061 1077 4157 1159 ut,

749 1206 1176 1307 quizfm-'tum
1230 1203 1580 1301 quaerere
1632 1203 1854 1296 velit,
1930 1201 2284 1277 ambabus-
2324 1201 2647 1275 manibus
2712 1201 2999 1277 lancem
3049 1203 3177 1277 vel
3219 1205 3533 1301 patinam
3587 1193 4157 1303 praeberet-st,

740 1353 840 1421 ita
886 1353 968 1421 ut
1016 1355 1160 1419 non
1210 1343 1568 1435 manibus,
1621 1343 1990 1417 sed'solis
2042 1343 2298 1417 oculis·
2324 1339 2695 1441 inquirere·
2735 1338 2993 1441 possit,
3033 1362 3041 1397 2
3097 1341 3383 1441 Optime
3425 1343 3573 1417 hoc
3605 1347 3845 1441 ‘arguit
3872 1333 4157 1419 -Glossa

744 1487 1204 1561 Turinensis:
1262 1485 1738 1581 „utrisque
1792 1483 2198 1556 manibus
2250 1481 2777 1573 detssentusff‘
2831 1479 3181 1563 et-adnuit
3219 1483 3487 1583 Gaius:
3545 1469 4157 1577 „ut'tn'a‘nibtrs

742 1627 1230 1725 occupatis
1284 1623 1414 1697 'nil
1482 1623 2200 1721 subjiciatur.“'-
2245 1621 2483 1711 Quod·
2517 1636 2701 1695 vero
2756 1621 2989 1723 Gajn's
3043 1615 3287 1713 addit,
3321 1642 3324 1649 ·
3361 1625 4151 1723 praecepti-illinet&

738 1769 1004 1841 tionem
1054 1767 1376 1837 forsitam
1424 1767 1580 1836 eam
1633 1765 1900 1855 fuisse,
1966 1773 2078 1857 ut,
2120 1759 2333 1859 'quod
2376 1759 2735 1859 quaerens
2775 1765 3189 1854 invenerit,
3256 1757 3961 1863 lanei-imponatur,
4009 1767 4153 1841 hoc

734 1905 1236 2007 proculdubio
1289 1902 1760 2003 rejiciendum
1828 1911 1978 1993 est,
2061 1909 2134 1975 et
2208 1897 2509 1975 t'emere‘
2543 1903 2753 1975 etiam
2819 1925 2876 1973 a»
2917 1901 3113 1999 Gajo
3167 1897 3429 1975 dictum
3499 1903 3845 1995 arbitror,
3887 1894 4141 1979 --totam

732 2051 976 2145 legem
1028 2043 1396 2136 ridiculam
1438 2065 1660 2135 esse,
1742 2045 1908 2139 quia
1974 2045 2204 2115 omnis
2276 2044 2468 2139 ejus
2511 2045 2695 2115 ratio
2747 2051 3033 2133 cesset,
3113 2043 3175 2113 si
3208 2039 3215 2045 ’
3247 2063 3405 2134 res,
3481 2065 3663 2137 quae
3727 2031 4133 2139 quaeratur,

734 2188 900 2289 ejus
978 2183 1480 2281 magnitudinis
1556 2193 1678 2255 aut
1754 2193 2050 2255 naturae
2126 2186 2258 2275 sit,
2360 2191 2437 2255 ut
2509 2181 2769 2283 subjici
2853 2189 3193 2277 nequeat3
3301 2207 3501 2273 nam,
3591 2187 3691 2255 uti
3764 2184 4141 2281 eleganter

736 2327 1033 2403 Cnnsus
1072 2331 1184 2417 4⁹)
1254 2327 1386 2415 ait,
1444 2321 1634 2415 ,¹,ad
1684 2327 1774 2397 ea
1826 2323 2042 2396 debet
2110 2325 2340 2421 aptari
2382 2327 2553 2421 juS,
2647 2345 2831 2417 quae
2881 2331 2953 2395 et
3003 2323 3417 2421 frequenter
3467 2333 3539 2397 et
3589 2325 3851 2417 facile,
3940 2349 4141 2421 quam

736 2491 918 2565 quae
970 2487 1266 2565 perraro
1320 2467 1758 2557 eveniunt,-“
1814 2461 2008 2559 quod
2062 2467 2270 2537 etiam
2322 2461 2689 2537 JULIANUS
2727 2471 2837 2555 ⁵¹⁰]
2891 2473 3243 2537 recantat:
3327 2465 3659 2561 „Neque
3707 2465 3957 2561 legeS,
4011 2487 4141 2541 ne—

734 2631 870 2705 que
900 2605 1562 2681 Senatusconsulta
1614 2605 1714 2675 ita
1752 2603 1970 2677 scribi
2006 2611 2356 2701 possunt,
2411 2613 2487 2677 ut
2523 2627 2773 2679 omnes
2817 2627 3069 2697 casus,
3125 2609 3239 2701 qui
3275 2603 3699 2701 quandoque
3733 2605 4135 2697 inciderint,

736 2745 1468 2847 comprehendantur,
1524 2741 1656 2815 sed
1708 2745 2006 2835 sufficit,
2062 2749 2134 2815 et
2184 2765 2310 2835 ea,
2366 2767 2551 2839 quae
2601 2745 3019 2843 plerumque
3069 2743 3445 2836 accidunt,
3499 2749 3927 2821 continerif‘

930 2885 1222 2959 Summa
1272 2887 1612 2977 omnium,
1668 2889 1848 2979 quae
1898 2883 2266 2979 hucusque
2301 2883 2859 2983 disputavimus,
2917 2883 3099 2957 haec
3131 2893 3263 2956 est.
3359 2883 3529 2957 Lex
3563 2885 3711 2957 xl!
3745 2882 4133 2961 tabularum

732 3030 1110 3126 praecipit,
1164 3033 1240 3098 ut
1290 3028 1396 3118 ist,
1452 3028 1568 3120 qui
1622 3046 1766 3098 rem
1818 3024 2010 3096 furto
2062 3024 2362 3096 ablatam
2403 3046 2751 3120 quaerere
2785 3026 3019 3116 ¹velit,
3073 3024 3309 3098 nudus
3343 3027 3507 3098 solo
3545 3026 3715 3100 licio
3749 3027 3879 3101 vel
3911 3028 4133 3102 linteo

732 3172 1014 3242 cinctus
1068 3165 1346 3238 domum
1398 3165 1702 3238 alienam
1754 3168 2002 3256 intret,
2086 3174 2159 3238 et
2208 3164 2485 3238 duabus
2537 3165 2857 3238 manibus
2921 3166 3195 3240 lancem
3261 3162 3437 3264 prae
3487 3188 3569 3238 se
3621 3164 3841 3258 ferat3
3923 3170 4135 3266 eujus

728 3310 1092 3404 utriusque
1154 3310 1526 3406 praecepti
1594 3310 1986 3380 communis
2050 3314 2181 3380 est·
2230 3310 2455 3398 ratic,
2545 3330 2637 3380 ne
2703 3306 2837 3378 sub
2907 3310 3345 3402 quaestionis
3413 3314 3799 3404 praetextu
3863 3304 4141 3404 aliquit}

728 3450 1030 3546 subjici,
1108 3450 1350 3544 itaque
1400 3448 1586 3518 falsa
1638 3448 1798 3518 furti
1854 3450 2172 3545 suspicio
2226 3448 2593 3520 innocenti
2645 3450 2923 3518 moveri
2977 3450 3233 3544 possit.
3339 3446 3615 3534 Quodsi
3673 3472 3789 3522 res
3838 3448 4123 3540 furtiva,
4237 3544 4239 3548 Δ

726 3588 848 3662 tali
902 3586 1160 3674 modo,
1227 3590 1274 3664 i.
1330 3608 1396 3660 e.
1444 3586 1656 3660 lance
1710 3596 1784 3660 et
1834 3586 2004 3662 licio
2026 3640 2056 3678 ,‚
2104 3592 2463 3682 quaesita,
2519 3592 2589 3658 et
2643 3610 2905 3662 revera
2957 3596 3353 3684 concepta,
3424 3592 3473 3658 i.
3529 3610 3591 3662 e.
3645 3590 3941 3662 inventa
3987 3600 4127 3678 est,

716 3728 928 3826 jubet
978 3728 1144 3818 lex,
1202 3750 1398 3818 eum,
1454 3726 1640 3824 apud
1698 3750 1896 3822 quem
1952 3730 2042 3798 sit
2096 3734 2493 3824 concepta,
2551 3724 2801 3798 eadem
2857 3730 3077 3800 teneri
3135 3750 3411 3824 poena,
3465 3738 3677 3824 atque
3727 3717 3915 3802 siin
3964 3730 4127 3828 ipso

724 3868 1060 3942 faciendo
1134 3866 1626 3966 deprehensus
1694 3876 1912 3940 esset.
2018 3868 2118 3940 At
2172 3890 2354 3940 vero
2409 3870 2481 3940 in
2533 3866 2641 3940 his
2695 3866 2765 3940 Χ
2815 3870 3131 3940 virorum
3203 3872 3609 3968 praeceptis
3663 3868 3765 3942 nil
3817 3868 4121 3962 ridiculi,

722 4010 822 4084 nil
872 4010 1126 4084 absoni
1180 4012 1486 4082 inveniri
1542 4032 1804 4106 posse,
1886 3978 2000 4102 qui
2056 4010 2397 4106 temporis
2447 3980 2855 4104 morumque
2907 3974 3347 4104 priscorum,
3425 4018 3499 4082 ut
3551 4020 3883 4108 oportet,
3961 4034 4121 4084 res-

720 4160 998 4250 pectum
1072 4150 1322 4240 habet,
1400 4148 1584 4222 haud
1652 4148 2098 4236 inliti-abitum
2149 4158 2258 4222 -et
2330 4172 2487 4222 cum
2559 4150 2789 4220 omnia
2855 4146 3037 4222 haec
3089 4172 3235 4222 non
3291 4152 3739 4246 conjecturis
3789 4154 4113 4242 nitantur,

720 4288 852 4364 sed
918 4292 1336 4362 certissimis
1402 4290 1694 4360 fontium
1764 4292 2186 4362 testimoniis
2260 4286 2799 4380 confirmentur,
2889 4292 3161 4386 sperari
3237 4256 3559 4388 poterat,
3651 4302 3867 4364 totam
3919 4294 4123 4366 istam

722 4432 1290 4504 controversiam
1362 4428 1454 4502 de
1519 4428 1708 4500 furto
1780 4419 1910 4528 per
1972 4430 2022 4502 Ι.
2088 4440 2154 4502 et
2222 4430 2272 4502 1.
2342 4394 2701 4526 concepto
2773 4428 2937 4502 inde
2991 4454 3033 4500 a
3087 4430 3279 4532 Gajo
3343 4432 3751 4506 Veronensi
3825 4436 4119 4508 invento

718 4574 1114 4642 extinctum
1168 4572 1276 4640 iri.
1366 4566 1570 4656 Quae
1626 4592 1804 4642 vero
1858 4592 2028 4668 spes
2078 4572 2384 4670 turpiter
2433 4592 2571 4642 uos
2621 4568 2903 4650 fefellit.
3011 4572 3113 4642 At
3167 4576 3347 4644 enim
3405 4572 3623 4646 hodie
3675 4572 3861 4646 haud
3913 4574 4119 4670 pauci

718 4788 802 4798 ——

876 4906 1008 4980 49)
1056 4912 1122 4966 L.
1172 4908 1214 4964 5
1260 4908 1334 4964 de
1378 4908 1568 4980 legib.

876 5024 1008 5102 50)
1062 5034 1124 5086 L.
1180 5032 1270 5086 10
1316 5030 1448 5086 eod.

3485 5823 3487 5826 ψ
3543 5859 3560 5863 ,
3804 5729 4364 5919 Google
