4782 6002
1586 584 1592 593 .
1790 458 1793 461 ’
1851 481 1941 581 57

404 726 409 732 ι
494 657 670 706 rum
719 627 1149 706 dominium
1186 649 1406 735 p‘enes
1439 614 1855 711 debitorem
1881 652 2037 721 est,
2079 635 2179 709 ita
2223 654 2307 710 ut
2348 635 2463 737 jus
2485 618 2838 714 creditori
2868 640 3296 718 concessum

496 755 625 843 sit,
666 755 995 830 nominis
1031 755 1293 831 tuendi
1336 757 1592 859 gratia.
1688 832 1695 837 ,
2616 780 2622 785 ’

599 882 777 955 Haec
815 901 1083 996 genera
1119 900 1292 956 sunt
1334 900 1763 968 contractus
1788 885 2311 988 pignoratitius
2340 905 2416 960 et
2448 906 2752 992 pactum
2791 888 3250 994 hypothecae.

602 1004 808 1110 Saepe
844 988 1168 1083 alienare
1205 1025 1495 1110 poterat
1534 1007 1861 1084 creditor
1902 1009 2171 1113 pignus
2199 1039 2304 1086 ex
2333 1020 2715 1112 pactione,
2761 1019 3105 1117 quamvis
3145 1017 3298 1119 ejus

322 1128 329 1135 ”
410 1138 416 1144 ’
494 1142 579 1203 ea
625 1156 737 1204 res
780 1158 934 1205 non
969 1131 1098 1219 sit,
1136 1131 1263 1233 sed
1302 1130 1446 1206 hoc
1492 1131 1804 1213 forsitan
1839 1130 2011 1209 ideo
2051 1134 2394 1210 videatur
2432 1136 2634 1226 fieri,
2665 1138 2875 1240 quod
2917 1141 3297 1216 voluntate

376 1310 385 1317 .
500 1255 859 1331 debitoris
908 1256 1353 1358 intelligitur
1400 1256 1668 1361 pignus
1715 1257 2061 1347 alienari,
2106 1261 2258 1363 qui.
2292 1262 2479 1336 oum
2517 1245 2776 1365 pactus
2821 1285 2957 1354 est,
3004 1264 3088 1340 ιιι
3117 1266 3299 1341 -lioe-
3396 1328 3400 1333 .

501 1399 617 1456 ret
657 1379 1010 1457 creditori
1047 1374 1317 1487 pignus
1353 1381 1704 1473 vendere,
1748 1384 1807 1458 si
1843 1385 2157 1488 pecunia
2208 1413 2366 1462 non
2408 1387 2753 1464 solvatur.
2864 1366 2872 1373 ⁹

494 1593 499 1599 Ι
600 1510 706 1580 In'
744 1534 938 1582 novo
993 1505 1165 1608 jure'
1203 1507 1337 1582 etsi
1379 1507 1475 1583 de
1513 1506 1998 1585 distrahendo
2027 1509 2353 1613 pignore
2400 1538 2556 1586 non
2597 1519 2833 1616 magis
2867 1519 3298 1593 convenerit

444 1698 451 1705 .
502 1649 577 1706 et
626 1631 959 1708 venditio
1005 1618 1316 1719 valebat.
1779 1712 1791 1724 .
2931 1651 2939 1657 ’
3014 1715 3023 1725 ,

604 1761 766 1836 Ιιιιὸ
798 1761 914 1834 lex
941 1760 1498 1865 stipulationem
1534 1788 1693 1838 non
1716 1760 2167 1866 prohibebat
2193 1764 2775 1839 rem-creditoris
2794 1765 2978 1853 fore,
3013 1768 3073 1840 si
3099 1786 3296 1842 certo
3337 1852 3341 1856 ,

431 1936 437 1943 -
508 1883 840 1988 tempore
879 1883 1221 1961 debitum
1260 1869 1416 2011 non
1451 1887 1780 1962 solutum
1814 1905 2008 1964 esset.
3407 1880 3415 1887 ’

506 2050 585 2150 5'.
588 2062 619 2095 ⁰
667 2069 837 2152 Pro
887 2102 1052 2183 qua
1103 2036 1626 2188 obligatione
1656 2076 1942 2185 possit
1964 2075 2278 2190 pignus
2324 2074 2761 2215 contrahi,
2809 2088 2898 2155 et
2931 2075 3294 2186 quando

1728 2203 2065 2314 possit?

600 2369 739 2445 Res
781 2367 1219 2473 hypothecae
1269 2368 1437 2446 dari
1493 2358 1696 2479 posse
1740 2369 2126 2469 sciendum
2163 2389 2270 2487 est
2320 2380 2460 2477 pro
2499 2398 2975 2476 quacumque
3021 2374 3297 2476 obliga-

336 2524 341 2529 *
428 2560 433 2565 .
505 2495 744 2597 tione5
784 2496 935 2571 sive
979 2488 1256 2571 mutua·
1278 2497 1598 2600 pecunia
1631 2498 1884 2587 detur,
1920 2497 2275 2586 sive-dos,
2302 2497 2455 2589 sive
2479 2499 2760 2612 emptio
2802 2499 2917 2586 vel
2959 2498 3292 2575 venditio

370 3331 398 3351 ,.
503 3251 681 3353 ejus.

503 2616 1016 2709 contrahatur,
1040 2622 1175 2725 mel
1214 2622 1440 2709 etiam
1471 2622 1738 2698 locatio
1775 2622 2176 2700 'conductio
2210 2622 2326 2697 vel
2364 2620 2827 2697 mandatum.

480 2790 488 2799 ·
603 2749 702 2825 Et
733 2749 884 2823 sive
914 2754 1105 2888 Rura
1136 2766 1240 2837 est
1277 2726 1639 2850 obligatio
1667 2748 1835 2823 vel
1814 2776 1900 2823 1n
1935 2746 2178 2836 diem,
2217 2747 2335 2822 vel
2365 2747 2505 2823 sub
2538 2732 3018 2823 conditione.

478 2963 483 2971 ι
607 2875 703 2947 Ει
745 2874 904 2951 sive
933 2873 1016 2947 in
1034 2873 1389 2997 praesenti
1428 2891 1847 2962 contractu,
1885 2873 2036 2946 sive
2065 2872 2291 2946 etiam
2308 2871 2750 2979 praecedat,
2725 2865 2879 2947 3εά
2919 2891 2993 2946 et
3024 2871 3297 2947 futurae

503 2999 1007 3101 obligationis
1013 3000 1321 3120 nomine
1354 2999 1521 3075 dari
1557 2992 1935 3143 possunt.
3100 3077 3108 3084 ,

517 3199 526 3209 .
603 3128 745 3203 Sed
784 3149 868 3233 et
895 3156 1051 3207 non
1089 3127 1483 3221 solvendae
1492 3128 1735 3203 omnis
1773 3128 2109 3231 pecuniae
2139 3130 2354 3202 causa
2388 3129 2650 3201 verum
2688 3128 2914 3202 etiam
2955 3127 3051 3256 de
3083 3147 3293 3231 parte

600 3384 695 3456 Ει
735 3381 848 3456 vel
885 3405 1022 3486 pro
1061 3380 1268 3463 civili
1297 3341 1786 3486 obligatione,
1824 3380 1940 3454 vel
1973 3376 2410 3480 honoraria,
2433 3378 2567 3454 vel
2601 3381 2897 3453 tantum
2940 3355 3326 3482 naturali-U
3435 3405 3442 3412 ·

600 3508 817 3583 Circa
852 3507 1386 3607 obligationem
1420 3505 2051 3595 conditionalem,
2089 3522 2265 3580 nota
2307 3504 2515 3607 quod
2566 3508 2815 3580 stat1m
2857 3502 3283 3605 subjicitur:
3320 3611 3328 3618 ἱ

502 3634 687 3710 sed
669 3662 751 3709 ιιι
791 3631 1284 3710 conditionali
1321 3631 1776 3735 obligatione
1821 3656 1978 3705 non
2016 3629 2197 3764 31ἰ33
2238 3623 2694 3733 obligamur,
2758 3630 2900 3705 nisi
2957 3630 3290 3753 conditio

272 3851 279 3859 ,
384 3759 390 3766 ’
439 3821 447 3828 .
506 3760 843 3836 extiterit.

601 3885 814 3960 Circa
857 3885 1280 3961 naturalem
1313 3903 1607 3972 autem,
1632 3882 2090 3996 generaliter
2132 3909 2222 3957 ex
2271 3882 2546 3985 quibus
2597 3882 2885 3956 casibus
2933 3882 3332 3974 naturalis·
3445 3967 3452 3974 .

503 4010 861 4128 obligatio
896 4009 1259 4099 consistit,
1299 4009 1569 4112 pignus
1599 4032 2062 4117 perseverare
2104 4025 2407 4082 constat.
2522 4076 2530 4087 ,
3087 4019 3094 4025 ’
3309 4083 3326 4112 ,

565 4123 742 4226 8εά
769 4166 873 4213 an
902 4138 1171 4243 pignus
1204 4134 1554 4211 constitui
1595 4135 1869 4239 poterit
1907 4160 2047 4239 pro
2087 4135 2171 4208 03
2206 4089 2658 4246 obligatione
2689 4133 3011 4208 naturali
3056 4158 3312 4233 quam,

502 4261 619 4362 jus
643 4265 861 4341 civile
891 4265 1318 4369 improbare
1355 4251 1682 4350 videtur,
1724 4261 1977 4364 quales
2006 4279 2214 4370 sunt,
2256 4259 2609 4360 obligatio
2649 4239 2990 4333 mulieris
3030 4258 3322 4332 contra-

389 4409 394 4416 ·
496 4389 1211 4465 senatusconsultum
1254 4375 1806 4488 intercedentis,
1857 4404 1930 4460 et
1982 4384 2443 4460 filiifamilias
2491 4391 2834 4458 mutuam
2889 4361 3326 4492 pecuniamf

498 4515 970 4620 accipientis?
1013 4517 1121 4590 Es
1168 4515 1262 4592 de
1303 4540 1383 4589 re
1428 4512 1618 4589 dicit
1655 4511 1889 4587 Guus
1915 4546 1929 4584 ε
1955 4510 2046 4585 ·Si
2089 4502 2278 4586 alius
2318 4536 2457 4614 pro
2500 4508 2810 4583 muliere
2849 4536 3018 4611 quae
3061 4507 3310 4585 inter-.'

1976 4645 1979 4650 ,
2841 4641 2886 4712 8
3197 4637 3202 4644 .
