4782 6002
2536 770 2588 841 4

911 977 1161 1068 fuisse,
1219 1015 1307 1029 —
1364 979 1430 1048 in
1484 978 1841 1072 provinciis
1894 996 2063 1048 vero
2110 977 2278 1066 juris
2335 973 2884 1047 consuetudinarii
2953 974 3143 1070 leges
3206 977 3657 1049 Romanorum
3709 997 3835 1050 nec
3884 981 3952 1051 in
4004 1001 4201 1052 com-

915 1114 1119 1213 plexu
1170 1123 1495 1209 receptas,
1547 1134 1674 1185 nec
1727 1112 1904 1195 solas
1923 1166 1943 1201 ,
2017 1111 2134 1183 sed
2191 1134 2339 1183 cum
2382 1114 2537 1203 jure
2589 1109 2983 1184 Germanico
3040 1117 3421 1205 conjunctas
3466 1116 3575 1205 jus
3628 1136 3974 1188 commune
4024 1116 4197 1191 effe-

913 1254 1104 1325 cisse.
1134 1250 1185 1310 3)
1292 1250 1503 1336 Quam
1552 1260 1771 1322 tamen
1823 1252 2212 1322 sententiam
2282 1249 2475 1321 nullis
2545 1252 2948 1341 argumentis
3000 1248 3321 1322 firmatam
3388 1271 3539 1324 esse
3557 1303 3580 1338 ,
3649 1251 3843 1325 facile
3895 1252 4049 1324 mibi
4098 1263 4200 1326 est

915 1386 1388 1460 demonstrare.
1494 1386 1582 1460 Et
1630 1391 1908 1484 primum
1961 1387 2223 1483 quidem
2274 1386 2725 1459 Romanorum
2792 1385 2981 1481 leges
3042 1389 3108 1458 in
3162 1390 3525 1483 provinciis
3568 1391 3739 1480 juris
3790 1393 4016 1486 scripti
4066 1411 4201 1463 ne-

913 1547 1238 1621 quaquam
1287 1529 1355 1598 in
1409 1547 1506 1598 co
1526 1548 1590 1596 m
1608 1524 1684 1620 pl
1705 1546 1870 1596 exn
1923 1534 2223 1619 receptas
2278 1523 2510 1612 fuisse,
2562 1528 2726 1597 satis
2777 1534 2954 1620 patet
3005 1546 3097 1595 ex
3148 1524 3353 1598 literis
3408 1525 3682 1622 Philippi
3733 1531 3939 1622 regis,
3992 1551 4197 1624 usque

911 1663 996 1737 ad
1049 1662 1439 1736 hodiernum
1493 1662 1666 1735 diem
1717 1665 1929 1757 magis
1983 1684 2177 1757 quam
2226 1684 2348 1758 par
2399 1671 2500 1736 est
2552 1662 2893 1756 neglectis,
2945 1685 3108 1757 quas
3147 1682 3322 1735 anno
3361 1663 3703 1737 millesimo
3738 1671 4197 1739 trecentesimo

912 1802 1209 1877 secundo
1266 1800 1350 1874 de
1401 1800 1614 1875 studio
1659 1802 1829 1893 juris
1881 1799 2095 1873 civilis
2148 1810 2343 1894 atque
2396 1800 2694 1872 canonici
2753 1803 2819 1871 in
2870 1799 3206 1873 literarum
3254 1803 3683 1875 universitate
3732 1801 4199 1880 Aurelianensi

912 1938 1133 2013 edidit.

1122 2076 1417 2162 Quarum
1467 2076 1802 2147 literarum
1856 2073 2063 2148 verba
2116 2073 2283 2146 haec
2307 2082 2522 2148 -suntz

1124 2210 1386 2309 „Super
1435 2214 1720 2307 negotiis
1773 2221 1841 2284 et
1891 2215 2106 2285 causis
2158 2211 2532 2286 forensibus
2551 2265 2573 2304 ,
2644 2233 2814 2307 quae
2885 2212 3396 2309 spiritualitatem
3465 2223 3532 2286 et
3584 2212 3734 2287 fidei
3784 2222 4197 2289 sacramenta

916 2373 1097 2446 „non
1150 2360 1460 2446 tangunt,
1510 2372 1787 2445 regnum
1839 2359 2136 2424 nostrum
2187 2350 2836 2425 consuetudine
2889 2362 2971 2423 et
3021 2349 3412 2424 moribus
3460 2355 3975 2449 praecipue,
4028 2356 4198 2427 non

917 2492 1162 2583 „jure
1228 2492 1572 2585 scripto
1642 2491 2024 2583 regitur3
2092 2489 2247 2561 licet
2311 2491 2380 2561 in
2430 2487 2980 2586 partibusipsius
3036 2491 3228 2581 regni
3282 2487 3667 2584 quibusdam
3718 2488 4034 2582 subjecti,
4104 2512 4199 2562 ex

919 2628 1400 2724 „permissione
1451 2635 1825 2699 nostrorum
1876 2629 2368 2725 progenitorum
2422 2635 2491 2698 et
2538 2636 2789 2716 nostra,
2833 2625 3089 2718 juribus
3141 2628 3400 2724 scriptis
3454 2636 3717 2701 utantur
3763 2630 3832 2701 in
3878 2627 4197 2725 pluribus,

919 2788 1126 2859 „non
1178 2764 1663 2858 utJ‘uribus
1725 2768 2100 2860 scriptis
2172 2764 2622 2857 ligentur,
2691 2763 2845 2837 sed
2916 2766 3575 2838 consuetudine
3638 2768 3896 2857 juxta
3962 2769 4196 2859 juris

915 2906 1277 2999 „scripti
1330 2901 1789 2999 exemplar
1839 2901 2228 2975 moribus
2283 2898 2867 2976 introducta.“

1126 3040 1378 3136 Magno
1430 3062 1600 3113 vero
1655 3063 1891 3113 errore
1945 3043 2138 3116 etiam
2191 3045 2235 3112 ii
2289 3039 2635 3121 ducuntur.
2689 3044 2799 3137 qni
2853 3039 3112 3131 docent,
3162 3043 3325 3133 juris
3375 3043 3599 3137 scripti
3649 3051 3715 3113 et
3767 3039 4196 3118 consuetudi-

914 3182 1082 3253 narii
1132 3182 1510 3275 provincias
1562 3178 1734 3270 legis
1790 3182 2154 3251 communis
2171 3231 2192 3267 ,
2247 3183 2350 3251 cui
2403 3188 2712 3274 utrasque
2763 3181 3063 3274 paruisse
3113 3186 3374 3273 putant,
3442 3175 3825 3252 diversitate
3878 3177 4193 3254 dIscretas

911 3316 1122 3392 fuisse
1139 3370 1160 3407 ,
1215 3340 1409 3413 quum
1462 3326 1737 3389 neutrae
1788 3338 1985 3388 unam
2038 3315 2504 3412 rempublicam
2556 3314 2932 3406 efficerent,
3003 3314 3285 3410 ideoque
3338 3317 3451 3408 jus
3502 3337 3852 3392 commune
3900 3318 4196 3411 ipsismet

912 3457 1250 3551 proprium
1299 3452 1544 3528 habere
1595 3474 1730 3526 non
1780 3464 2069 3550 possent.

1120 3592 1614 3665 Excontrario
1661 3594 1800 3684 jam
1857 3616 1896 3664 a
1948 3593 2173 3688 primis
2226 3592 2629 3689 temporibus
2695 3599 2960 3689 praeter
3028 3612 3336 3684 magnam
3400 3593 3727 3685 jurium
3775 3595 4194 3689 particu-

912 3731 994 3803 la
1011 3754 1047 3802 r
1064 3734 1143 3802 iu
1161 3753 1225 3802 m
1244 3781 1267 3821 ,
1316 3737 1389 3802 ut
1441 3727 1697 3820 dicunt,
1751 3729 2187 3826 frequentiam
2238 3732 2603 3826 reperimus
2645 3732 2761 3823 jus
2808 3750 3158 3802 commune
3210 3732 3506 3803 universi
3556 3736 3767 3823 regni,
3821 3729 3993 3825 quod
4028 3753 4221 3805 sae-.

912 3869 1063 3965 pius
1095 3871 1161 3939 in
1195 3870 1473 3961 antiquis
1504 3868 1840 3942 literarum
1873 3871 2306 3942 monumentis
2357 3867 2815 3961 generalis
2866 3869 3126 3960 regni
3179 3845 3687 3941 consuetudo
3731 3867 4089 3964 appellatur
4118 3869 4192 3943 ⁴).

911 4004 1020 4078 De
1074 4007 1260 4097 cujus
1303 4007 1471 4096 juris
1524 4009 1882 4080 communis
1933 4016 2164 4079 natura
2214 4015 2483 4079 veteres
2530 4005 2965 4096 jureconsulti
3001 4007 3141 4097 jam
3176 4008 3464 4078 maxime
3505 4005 4192 4082 controversabantur.

909 4139 1046 4234 Sic,
1099 4150 1169 4214 ut
1222 4143 1570 4237 exempIO,
1626 4165 1796 4239 quae
1848 4142 2022 4232 dixi,
2075 4142 2364 4231 firmem,
2419 4142 2659 4215 Duck
2711 4147 2778 4215 in
2829 4141 3035 4215 libro:
3112 4141 3242 4235 „de
3301 4166 3424 4218 usu
3476 4152 3543 4215 et
3594 4147 3981 4218 auctoritate
4021 4147 4193 4236 juris

912 4280 1126 4353 civilis
1179 4281 1632 4354 Romanorum
1701 4284 1768 4352 in
1840 4278 2143 4352 dominiis
2215 4283 2575 4376 principum
2647 4278 3209 4352 Christianorum“
3282 4280 3527 4372 refert,
3596 4280 3866 4354 saeculo
3935 4280 4190 4354 decimo

911 4423 1109 4489 sexto
1166 4416 1330 4490 duos
1381 4424 1648 4489 senatus
1698 4416 2087 4488 Parisiensis
2137 4415 2528 4505 Primarios,
2581 4415 2847 4489 Petrum
2897 4416 3185 4489 Lizetum
3238 4426 3305 4488 et
3358 4416 3907 4514 Christophorum
3958 4416 4193 4490 Tbua-

910 4576 1067 4625 num
1121 4557 1187 4624 in
1241 4554 1700 4626 controversia
1752 4564 2059 4628 versatos
2111 4573 2286 4641 esse,
2337 4555 2406 4625 in
2458 4576 2585 4648 qua
2637 4553 2894 4628 Lizetus
2949 4553 3408 4646 contendebat,
3457 4557 3561 4647 jus
3612 4554 3807 4627 civile
3838 4554 4192 4632 Romano-

913 4710 1060 4761 rum
1112 4708 1266 4760 esse
1319 4685 1655 4758 Gallorum
1717 4691 1826 4782 jus
1897 4712 2282 4780 commune,
2349 4689 2634 4786 ideoque
2702 4690 3211 4766 consuetudines
3281 4702 3349 4765 et
3416 4695 3949 4782 constitutiones,
4024 4713 4192 4787 quae

915 4832 1143 4896 essent
1184 4825 1295 4913 jus
1348 4819 1697 4911 Gallicum,
1750 4847 1903 4899 esse
1936 4856 1941 4864 ·
1945 4830 2058 4918 jus
2111 4831 2405 4900 strictum
2456 4801 2815 4922 stricteque
2865 4826 3457 4925 interpretandum,
3515 4866 3598 4879 —
3659 4827 3971 4904 Thuanus
4021 4847 4191 4904 vero

911 4955 1198 5047 dicebat,
1250 4957 1752 5033 consuetudines
1808 4984 1960 5036 esse
2013 4962 2351 5040 Gallorum
2395 4966 2506 5057 ¹ius
2556 4987 2937 5059 commune,
2997 4968 3108 5059 jns
3161 4987 3329 5040 vero
3380 4987 3723 5040 romanum
3771 4976 4017 5040 tantum
4058 4986 4195 5040 ra·-
