4782 6002
1908 384 2005 482 59

553 538 869 644 speciale
895 518 1164 642 pignus
1193 534 1702 612 contrahatur.
1726 535 2094 610 Caeterum
2123 535 2519 609 conventio
2548 537 2957 636 generalis
2935 566 3020 613 m
3050 540 3362 644 pignore

556 663 846 751 dand0,
882 662 1262 738 bonorum
1300 662 1415 736 vel
1455 662 1701 765 postea
1746 660 2229 762 quaesitorum
2264 679 2556 801 recepta
2592 681 2715 736 est.

658 787 1011 864 Vidimus
1055 813 1175 862 eos
1230 785 1330 860 ad
1387 812 1592 926 quos
1622 812 1735 859 res
1785 785 2142 889 pertinet,
2179 812 2346 860 eam
2384 787 2683 890 pignori
2722 788 2903 865 dare
2940 817 3159 893 posse.
3221 792 3358 865 His

558 912 1016 1016 adjungendi
1069 930 1244 987 sunt
1283 911 1419 1013 qui
1456 910 1573 1012 jus
1608 910 1893 987 habent
1925 908 2081 1011 ejus
2115 910 2751 988 administrandae.
2794 915 2920 987 Hi
2950 918 3156 990 enim
3196 946 3357 1020 pos-

560 1060 736 1117 sunt
760 1069 851 1117 ex
881 1041 998 1115 his
1033 1039 1267 1115 causis
1297 1065 1467 1141 quae
1500 1036 1729 1112 fines
1709 1063 2046 1140 ipsorum
2082 1037 2753 1115 administrationis
2781 1068 2936 1115 non
2968 1044 3362 1144 egrediun-

558 1184 686 1241 tur
722 1191 891 1240 eam
935 1190 1096 1239 rem
1130 1162 1429 1266 pignori
1471 1161 1669 1237 dare

668 1293 904 1379 Hinc,
944 1290 1003 1365 si
1032 1292 1092 1365 is
1125 1291 1281 1392 qui
1296 1289 1497 1366 bona
1543 1288 2035 1392 reipublicae
2016 1315 2179 1390 jure
2210 1288 2723 1379 administrat,
2763 1311 3105 1368 mutuam
3141 1323 3361 1399 pecu-

569 1417 774 1493 niam
821 1444 962 1521 pro
1004 1443 1089 1491 ea
1138 1415 1488 1520 accipiat,
1541 1433 1776 1555 potest
1828 1441 1990 1499 rem
2042 1413 2196 1518 ejus
2240 1415 2590 1519 obligare.
2636 1418 2771 1493 Sed
2820 1419 2878 1494 si
2919 1442 3360 1524 procurator

564 1570 807 1630 meus,
868 1543 986 1617 vel
1044 1560 1247 1634 tutor
1297 1566 1458 1616 rem
1509 1540 1808 1644 pignori
1860 1539 2183 1628 dederit,
2235 1541 2390 1645 ipse
2439 1567 2651 1644 agere
2698 1543 3177 1645 pignoratitia
3231 1575 3361 1650 po-

567 1689 755 1745 terit.

663 1792 891 1891 Quod
954 1812 1203 1868 tamen
1267 1793 1349 1867 in
1416 1811 1899 1895 procuratore
1970 1793 2071 1868 ita
2144 1793 2517 1897 procedit,
2576 1795 2636 1868 si
2702 1795 3060 1870 mandato
3132 1797 3360 1873 fuerit

564 1919 860 2023 pignori
901 1917 1110 2008 dare3
1163 1918 1279 1992 vel
1319 1917 1840 1993 universorum
1882 1918 2259 1993 bonorum
2305 1917 2857 1994 administratio
2896 1920 2965 1993 ei
3008 1918 3359 2024 permissa

567 2063 708 2135 est,
747 2046 843 2119 ab
882 2071 972 2119 eo
1012 2045 1150 2146 qui
1194 2043 1332 2118 sub
1366 2043 1808 2149 pignoribus
1849 2044 2135 2119 solebat
2169 2064 2469 2119 mutuas
2500 2046 2850 2148 pecunias
2884 2048 3230 2151 accipere.

669 2171 878 2246 Alius
915 2188 1165 2245 autem
1198 2189 1642 2275 procurator
1670 2170 1856 2247 citra
1891 2169 2188 2245 domini
2221 2171 2683 2249 voluntatem
2715 2170 3026 2247 domum
3051 2175 3356 2276 pignori

562 2298 831 2374 frustra
870 2295 1097 2371 dedit.
1144 2296 1221 2370 Si
1268 2314 1519 2371 tamen
1558 2296 1959 2400 pecuniam
1998 2295 2452 2371 creditoris
2432 2324 2514 2370 in
2550 2323 2709 2371 rem
2742 2297 3035 2372 domini
3073 2325 3359 2375 versam

548 2423 964 2513 constabit,
1009 2450 1162 2499 non
1215 2423 1507 2498 inutilis
1550 2424 1694 2497 erit
1722 2423 2071 2526 exceptio.

663 2555 826 2626 Imo
858 2568 930 2626 et
963 2576 1210 2625 servus
1247 2577 1406 2625 rem
1454 2550 1910 2654 peculiarem
1948 2549 2009 2623 si
2047 2549 2343 2652 pignori
2380 2549 2673 2624 dederit
2711 2550 3077 2625 tuendum
3125 2570 3229 2624 est
3247 2609 3266 2640 ,
3298 2552 3358 2625 si

448 2676 467 2691 ’
564 2676 880 2750 liberam
933 2675 1211 2780 peculii
1263 2666 1991 2749 administrationem
2053 2672 2358 2761 habuit,
2413 2675 2590 2749 nam
2624 2692 2699 2747 et
2729 2673 3058 2748 alienare
3097 2701 3215 2749 eas
3247 2703 3358 2750 res

564 2800 826 2904 potuit.

662 2926 946 3005 Eadem
980 2946 1054 3003 et
1086 2926 1182 3001 de
1212 2924 1691 3000 filiofamilias
1724 2922 1925 2999 dicta
1960 2923 2461 3027 intelligimus

667 3058 985 3131 Curator
1009 3053 1250 3132 adulti
1283 3053 1396 3127 vel
1433 3071 1635 3127 tutor
1666 3050 1940 3155 pupilli
1967 3051 2354 3155 propriam
2384 3078 2548 3126 rem
2584 3051 2941 3128 mobilem
2969 3053 3127 3156 ejus
3150 3054 3359 3157 cujus

565 3183 857 3285 negotia
907 3199 1155 3257 tuetur
1197 3179 1529 3283 pignoris
1574 3177 1740 3281 jure
1796 3178 2128 3280 obligare
2176 3204 2334 3252 non
2375 3196 2647 3282 potest,
2707 3179 2849 3253 nisi
2891 3180 2972 3253 in
3010 3181 3170 3254 rem
3203 3179 3356 3281 ejus

562 3309 959 3415 pecuniam
987 3326 1326 3383 mutuam
1358 3305 1693 3409 accipiat.

662 3439 731 3510 Is
780 3453 1032 3511 autem
1089 3458 1248 3508 non
1303 3450 1536 3534 potest
1581 3457 1740 3506 rem
1795 3430 2094 3536 pignori
2140 3430 2323 3504 dare
2360 3430 2458 3504 ad
2507 3455 2737 3531 quem
2776 3458 2888 3506 res
2934 3433 3357 3512 nullatenus

562 3562 913 3666 pertinet,
966 3559 1109 3634 nisi
1158 3582 1547 3634 consensus
1585 3555 1886 3631 aooedat
1923 3554 2078 3657 ejus
2125 3554 2222 3629 ad
2267 3580 2495 3657 quem
2542 3580 2655 3629 res
2686 3556 3042 3659 pertinet,
3084 3577 3156 3632 et
3199 3558 3354 3634 haec

561 3689 905 3763 voluntas
945 3687 1168 3761 etiam
1212 3707 1304 3762 ex
1354 3682 1748 3758 intervallo
1786 3680 2070 3755 utiliter
2114 3680 2417 3756 accedit.

659 3813 942 3892 Pariter
972 3838 1109 3887 nec
1137 3837 1272 3916 per
1299 3810 1587 3886 socium
1620 3833 1874 3883 meum
1903 3833 2072 3912 pars
2100 3834 2264 3882 mea
2300 3807 2622 3910 obligari
2650 3826 2904 3911 potest.
2931 3809 3075 3884 Sed
3100 3811 3160 3882 si
3194 3839 3356 3913 pos-

562 3940 675 4013 tea
718 3939 826 4013 rei
867 3936 1296 4013 dominium
1345 3935 1413 4010 ei
1474 3934 1980 4037 supervenerit
2024 3960 2110 4007 ex
2163 3935 2382 4008 causa
2413 3959 2587 4035 quae
2625 3931 2780 4036 jam
2822 3936 3209 4024 existabat,
3267 3964 3353 4010 eo

562 4043 892 4169 tempore
942 4089 1099 4166 quo
1157 4089 1317 4138 rem
1377 4059 1837 4166 hypothecae*
1868 4058 2110 4148 dedit,
2166 4060 2699 4134 retrotrahitur
2760 4060 3191 4136 dominium
3255 4064 3353 4136 ad

563 4208 848 4294 tempus
887 4216 1042 4291 quo
1077 4189 1344 4293 pignus
1386 4186 1872 4263 constitutum
1911 4204 2045 4274 est,
2086 4187 2728 4288 confirmaturque
2763 4187 3048 4289 pignus.

658 4315 778 4389 Sic
827 4316 937 4391 ait
986 4314 1303 4388 Paulus:
1354 4313 1540 4387 Rem
1583 4312 1907 4387 alienam
1956 4311 2257 4414 pignori
2312 4310 2611 4397 dedisti,
2672 4308 2948 4385 deinde
2996 4311 3352 4387 dominus

562 4441 668 4516 rei
710 4438 863 4543 ejus
901 4466 1046 4516 esse
1085 4440 1410 4544 coepisti,
1439 4438 1663 4514 datur
1695 4436 1902 4513 utilis
1936 4435 2129 4511 actio
2162 4436 2642 4539 pignoratitia
2673 4435 3047 4511 creditori.
