4782 6002
2113 774 2159 845 5

492 980 689 1055 tionis
739 979 1021 1074 scriptae
1072 978 1140 1050 in
1194 974 1399 1053 Gallia
1451 976 1669 1050 locum
1722 976 1989 1050 habere.
2049 1015 2140 1029 --
2198 975 2410 1049 Hodie
2462 998 2633 1050 vero
2685 977 2809 1050 vix
2860 979 2931 1047 in
2985 973 3248 1049 dubium
3282 977 3593 1048 revocari
3642 997 3787 1072 po-

493 1126 665 1207 test,
734 1118 887 1210 quin
955 1114 1071 1189 lex
1138 1117 1499 1201 communis
1566 1118 1760 1209 regni
1810 1113 2458 1188 Franco-Gallorum
2500 1116 2655 1208 jure
2707 1135 2985 1186 romano
3039 1122 3105 1185 et
3152 1115 3536 1205 germanico
3588 1112 3782 1187 simul

491 1255 884 1344 constiterit,
939 1292 1032 1304 —
1088 1261 1158 1325 ut
1207 1262 1462 1325 taceam
1516 1251 1597 1324 de
1642 1254 1796 1345 jure
1851 1255 2210 1343 canonico,
2284 1250 2459 1345 quod
2530 1249 2889 1325 secundum
2956 1250 3181 1322 literas
3251 1249 3523 1347 Philippi
3573 1251 3780 1345 regis,

491 1415 661 1489 quas
710 1413 911 1487 supra
964 1392 1367 1480 memoravi,
1419 1394 1486 1461 in
1538 1393 1821 1486 negotiis
1876 1399 1942 1462 et
1993 1392 2210 1462 causis
2260 1387 2672 1479 forensibus,
2726 1410 2894 1482 quae
2946 1388 3462 1483 spiritualitatem
3515 1395 3581 1458 et
3631 1384 3785 1459 fidei

492 1537 908 1603 sacramenta
960 1527 1335 1622 tangebant,
1378 1529 1550 1620 juris
1602 1528 1825 1623 scripti
1878 1528 2116 1620 vigore
2167 1529 2232 1598 in
2288 1529 2466 1599 omni
2503 1523 2709 1598 Gallia
2764 1525 3051 1614 valebat,
3107 1534 3176 1597 et
3227 1524 3308 1597 de
3360 1525 3784 1597 constitutio-

491 1665 683 1741 nibus
737 1688 993 1760 regum,
1048 1687 1216 1760 quae
1269 1667 1540 1739 minoris
1593 1675 1780 1737 erant
1830 1667 2142 1741 momenti
2194 1664 2276 1736 ad
2321 1666 2431 1756 jus
2484 1640 2832 1761 privatum.
2893 1703 2981 1714 --
3044 1659 3433 1736 continebat
3473 1685 3642 1737 vero
3666 1663 3782 1754 jus

491 1803 650 1877 illud
703 1824 1049 1877 commune
1102 1813 1237 1875 tum
1291 1805 1654 1877 communia
1710 1805 2019 1894 instituta,
2072 1812 2205 1876 tum
2259 1824 2669 1877 communem
2705 1802 3085 1875 doctrinam.
3151 1800 3535 1875 Communia
3563 1810 3783 1874 autem

491 1952 682 2015 erant
733 1945 1042 2032 Instituta,
1096 1963 1263 2036 quae
1313 1940 1764 2014 fundatam
1816 1945 1880 2013 in
1919 1950 2056 2013 tota
2085 1939 2293 2014 Gallia
2329 1940 2656 2015 habebant
2703 1942 3328 2031 intentionem3
3384 1950 3452 2012 ut
3478 1937 3785 2035 exempla
3876 1934 3883 1940 ’

494 2080 790 2167 afferam,
842 2101 933 2151 ex
978 2082 1133 2172 jure
1186 2102 1462 2152 romano
1517 2088 1899 2155 testamenta
1917 2131 1941 2171 ,
1994 2101 2085 2150 ex
2128 2081 2282 2172 Jure
2334 2081 2747 2174 germanico·
2770 2081 3141 2153 testamenti
3192 2087 3627 2168 executoreS,
3686 2117 3781 2128 ——

489 2227 630 2291 tum
680 2220 1023 2291 saisina
1089 2217 1236 2289 sine
1289 2215 1811 2314 apprehensione
1866 2216 2259 2291 haeredibus
2313 2221 2627 2312 acquisita
2679 2216 3039 2291 secundum
3092 2216 3390 2311 regulam
3444 2223 3787 2309 „mortuus

492 2356 680 2429 saisit
731 2350 1029 2438 vivum“,
1116 2377 1310 2449 quam
1362 2363 1631 2429 veteres
1684 2359 2040 2452 scriptores
2093 2364 2287 2451 atque
2337 2366 2760 2428 monumenta
2812 2353 3195 2449 generalem
3246 2356 3439 2446 regni
3492 2374 3788 2425 consue-

492 2491 789 2565 tudinem
842 2491 1187 2589 appellant.
1218 2492 1268 2550 ὅ)
1331 2531 1413 2542 -
1490 2490 1866 2567 Communis
1935 2514 2101 2567 vero
2173 2491 2514 2565 doctrinae
2581 2491 2927 2565 utebantur
2996 2489 3607 2588 praeceptionibus,
3675 2489 3791 2563 ubi

491 2629 956 2723 dijudicandae
1009 2651 1254 2701 causae
1306 2651 1439 2702 non
1492 2628 1904 2702 sufficiebant
1945 2632 2179 2721 juris
2249 2631 2841 2725 particularis
2911 2630 3139 2723 leges,
3216 2637 3327 2700 aut
3398 2626 3481 2698 de
3553 2626 3786 2721 (suibus

497 2775 725 2865 partes
778 2776 1251 2841 convenerant.
1354 2765 1521 2841 Tum
1575 2764 1833 2862 quidem
1890 2765 2404 2861 dijudicabantur
2470 2770 2631 2860 iuris
2700 2770 2959 2839 romani
3027 2767 3310 2838 instituta
3381 2785 3471 2835 ex
3521 2762 3787 2836 Roma-

488 2926 733 2979 norum
784 2903 1040 3000 legibus
1059 2957 1079 2995 ,
1133 2907 1514 2997 germanica
1568 2915 1783 2977 autem
1836 2902 2192 2978 secundum
2240 2907 2413 2997 juris
2447 2906 2810 2998 germanici
2846 2905 3351 2998 praeceptiones
3404 2921 3496 2970 ex
3528 2898 3791 2975 illorum

500 3046 765 3117 ratione
818 3041 1152 3118 deductas.
1263 3042 1448 3130 Quae
1502 3053 1851 3142 praecepta
1907 3066 2052 3116 cum
2106 3047 2435 3135 institutiS,
2486 3065 2655 3138 quae
2708 3041 3110 3139 spectabant,
3152 3043 3298 3135 jus
3352 3059 3788 3112 commune

489 3178 875 3255 efficiebant
957 3179 1904 3267 consuetudinarium,
2009 3181 2160 3270 vel,
2257 3192 2335 3254 ‘ut
2418 3181 3013 3254 Beaumanoir
3116 3177 3385 3251 dicit022
3488 3176 3788 3268 „droit

493 3323 650 3415 qui
715 3329 852 3393 est
922 3340 1360 3394 communs
1430 3322 1471 3390 a
1541 3326 1683 3391 toz
1737 3323 1827 3392 es
1878 3328 2386 3392 coustumes
2442 3319 2541 3392 de
2592 3316 3009 3408 France“,
3066 3357 3158 3368 —
3212 3336 3386 3411 quae
3440 3321 3583 3386 erat
3633 3335 3791 3410 pars

491 3456 760 3554 quidem
805 3458 973 3550 juris
1034 3459 1393 3529 communis
1445 3454 2094 3530 Franco-Gallorum
2115 3510 2135 3548 ,
2187 3461 2356 3532 sicut
2399 3460 2508 3549 jus
2562 3477 2909 3548 commune
2960 3457 3413 3548 germanicum
3464 3455 3790 3547 privatum

494 3614 656 3692 pars
700 3596 872 3686 juris
923 3591 1317 3669 Germaniae
1369 3598 1728 3668 communis
1782 3602 1902 3668 est.

707 3730 957 3817 Quodsi
1023 3733 1218 3825 igitur
1285 3732 1658 3825 quaerimus
1675 3784 1696 3823 ,
1789 3754 1956 3826 quae
2036 3730 2236 3806 fuerit
2315 3729 2568 3804 Galliae
2638 3732 2983 3825 regionum
3052 3730 3118 3802 in
3187 3730 3564 3824 provincias
3621 3728 3791 3820 juris

499 3869 727 3965 scripti
780 3877 848 3941 et
897 3867 1448 3942 consuetudinarii
1502 3868 1958 3966 descriptionis
2008 3873 2211 3961 ratio,
2277 3868 2451 3942 hanc
2498 3870 2883 3944 invenimus·
2922 3871 3097 3942 inter
3149 3890 3267 3940 eas
3319 3866 3792 3955 diversitatem,

500 4005 684 4100 quod
734 4008 798 4077 in
849 4004 952 4078 his
997 4008 1150 4098 jure
1201 4010 1606 4100 germanicO,
1657 4011 1721 4079 in
1773 4006 1900 4079 illis
1947 4010 2100 4098 jure
2151 4029 2428 4080 romano
2481 4009 2744 4102 saepius
2797 4004 3167 4095 utebantur,
3222 4026 3414 4099 quum
3471 4012 3536 4074 et
3578 4004 3792 4093 major

497 4164 924 4216 romanorum
994 4143 1426 4216 institutorum
1495 4165 1808 4225 numerus
1886 4148 1954 4216 in
2024 4143 2123 4218 bis
2192 4154 2497 4241 receptus
2518 4144 2609 4234 ⁷),
2677 4154 2744 4216 et
2811 4147 3231 4236 germanicae
3282 4137 3792 4212 consuetudines

499 4284 795 4353 rariores
847 4289 1043 4372 atque
1095 4282 1306 4354 minus
1360 4279 1699 4376 perfectae
1754 4291 1975 4355 essent
1994 4279 2083 4372 Β),
2137 4292 2204 4354 et
2247 4282 2418 4375 juris
2469 4284 2832 4375 germanici
2882 4284 3169 4353 instituta
3224 4299 3355 4349 non
3406 4274 3793 4370 frequenter

499 4416 737 4492 tabulis
789 4426 857 4490 et
906 4419 1114 4513 pactis
1149 4419 1493 4491 conventis
1530 4417 2028 4509 adhiberentur3
2081 4420 2200 4506 sic,
2252 4428 2324 4491 ut
2356 4417 2732 4515 exemplum
2766 4418 3053 4505 afferam,
3103 4413 3237 4488 Me
3257 4414 3427 4485 rlin
3480 4416 3547 4485 in
3583 4433 3791 4508 opere

507 4557 924 4652 „repertoire
975 4553 1059 4626 de
1103 4552 1650 4649 jurisprudence“
1721 4554 1929 4628 refert
1946 4556 1998 4615 ⁹)
2017 4609 2038 4646 ,
2109 4557 2479 4629 testamenti
2547 4563 2987 4644 executores,
3057 4551 3289 4646 quihus
3361 4548 3655 4623 crebrius
3724 4554 3792 4622 in

499 4691 1053 4787 septentrionibus
1106 4691 1470 4783 utebantur,
1520 4695 1588 4764 in
1640 4694 2002 4788 provinciis
2043 4693 2216 4785 juris
2267 4692 2492 4786 scripti
2542 4712 2697 4763 raro
2748 4693 3077 4763 institutos
3126 4710 3305 4774 esse.

709 4828 857 4902 Jam
910 4828 993 4903 de
1039 4831 1208 4920 juris.
1260 4827 1632 4902 conditione
1685 4831 1750 4900 in
1781 4807 2000 4904 veteri
2019 4825 2666 4902 Franco-Gallorum
2694 4849 2909 4921 regno
2943 4825 3110 4902 dicta
3143 4824 3438 4899 breviter
3466 4822 3806 4916 colligam..

506 4962 898 5058 Existebant
950 4977 1090 5058 tum·
1137 4971 1203 5041 in
1255 4966 1639 5063 regionibus
1691 4966 1774 5037 ad
1824 4964 2164 5042 meridiem
2216 4964 2672 5059 vergentibus,
2726 4974 2859 5038 tum
2895 4969 2963 5036 in
2994 4959 3548 5061 septentrionibus
3600 4962 3802 5053 regni?
