4782 6002
3935 936 4061 1011 2¹2

849 1138 964 1213 Ad
1006 1142 1497 1239 ᾳιιωοϋοιιοε
1572 1139 1669 1217 ah
1747 1135 2011 1215 ordine
2068 1135 2622 1234 'theologorum
2683 1141 2755 1211 ot
2814 1078 3540 1213 ,Jurisoonsnltorum
3639 1134 4059 1235 propositas

638 1284 1007 1391 neminem
1044 1279 1557 1382 respondisse,
1614 1281 2110 1380 maximopere
2159 1275 2520 1379 dolemus.
2577 1322 2716 1369 -,-.

750 1448 929 1533 12·
974 1449 1383 1546 proximu
1426 1466 1713 1524 anun.
1728 1468 1783 1521 t
1818 1442 2134 1541 duplis
2183 1440 2590 1547 qrdffibm
2603 1441 2754 1523 aaa
2799 1450 3310 1547 proponuntur
3335 1443 3835 1541 quaestio-osa

845 1611 1050 1690 Ordo
1106 1611 1806 1709 Theologorum
1856 1609 2214 1711 postulat.
2655 1650 2660 1654 -

1082 1750 1642 1852 „Explicantur
1704 1753 1882 1831 novi
1957 1750 2418 1843 Testamenti
2474 1751 2628 1831 loci
2694 1750 2794 1831 de
2840 1749 3292 1831 sacerdotali
3335 1754 3645 1835 endum
3699 1748 4066 1833 Ghn'stia-

996 1978 1004 1989 ,
1145 1915 1396 1973 uorum
1447 1889 1948 1990 dignitate-ao
1998 1912 2291 1977 munere
2338 1892 2425 1986 (1
2459 1892 2662 1977 Petr.
2709 1892 2818 1982 11,
2875 1892 2948 1971 5.
2979 1893 3052 1971 9.-
3096 1892 3240 1968 10„-
3292 1892 3608 1993 Apooal.
3657 1892 3720 1969 1.
3771 1891 3824 1969 6
3869 1891 4075 1985 roh),

1143 2033 1395 2117 addito
1458 2036 1813 2134 epimetro
1873 2032 1977 2111 de
2028 2033 2171 2111 hao
2204 2036 2594 2115 sententia
2640 2032 2738 2121 ad
2800 2034 3174 2113 ecelesiae
3199 2035 3587 2115 ‘netimem
3639 2033 4066 2119 consituen-

1148 2174 1307 2249 dam
1363 2175 1570 2249 varie
1620 2171 2015 2255 adhibite-‚⁴⁴
2128 2242 2137 2253 .

850 2338 1057 2419 Ordo
1105 2337 2050 2415 Juriseousultorum
2103 2341 2420 2437 quaerit:

1004 2490 1012 2497 ‘
1085 2535 1134 2573 ‚‚
1159 2480 1526 2570 Quaenam
1575 2484 1741 2552 suut
1787 2480 2143 2579 principia
2195 2477 2290 2553 ad
2324 2474 2769 2555 decidendas
2821 2481 3371 2555 controversias
3425 2480 3622 2553 eirea
3677 2500 3861 2553 onus
3893 2500 4070 2593 pro-

1154 2619 1368 2697 bandi
1422 2624 1492 2695 in
1544 2643 1900 2721 processu
1953 2619 2215 2695 civili?
2235 2624 2284 2666 “

861 2795 1065 2874 Ordo
1118 2794 1672 2871 Medicorum
1734 2792 1891 2869 vult
1943 2792 2240 2867 disseri:

1091 2937 1280 3032 „De
1333 2935 1637 3028 dolore,
1705 2938 2009 3036 ejusque
2060 2940 2204 3008 tum
2257 2944 2508 3010 natura
2558 2943 2631 3013 et
2682 2939 3006 3035 origine,
3062 2947 3203 3013 tum
3256 2940 3612 3013 varietate
3647 2944 3738 3053 *et
3786 2937 4072 3037 signifi-

1159 3080 1486 3170 catione,
1536 3097 1677 3152 neo
1728 3099 1873 3150 non
1927 3075 2022 3151 de
2070 3075 2469 3176 anodynis‚
2524 3101 2916 3178 eorumque
2969 3079 3189 3154 modo
3242 3078 3583 3179 agendi.“

862 3258 1634 3360 Philosophorum
1700 3258 1909 3334 Ordo
1975 3257 2104 3332 has
2172 3257 2354 3333 duas
2405 3262 2868 3356 quaestiones
2940 3266 3323 3363 proponit,
3405 3229 3701 3337 alteram
3756 3260 4076 3338 historici

664 3403 1101 3497 argumenti:

1097 3541 1503 3640 „Triginta
1554 3550 2055 3641 tyrannorum,
2128 3544 2245 3640 qui
2298 3540 2669 3634 dicuntur,
2738 3540 3058 3640 inprimis
3110 3539 3588 3617 Odenathi
3642 3550 3855 3642 atque
3908 3544 4082 3619 Ze-

1166 3680 1541 3776 nobiae,
1628 3682 1928 3756 historia
1994 3681 2389 3758 seeundum
2460 3688 2864 3775 auctorum,
2952 3704 3321 3756 numorum
3388 3693 3463 3758 et
3538 3686 4080 3785 inscriptionum

1164 3825 1579 3897 testimonia
1627 3822 2085 3918 scribatur,“

671 3962 965 4038 alteram
1020 3986 1063 4036 e
1114 3986 1195 4039 re
1247 3967 1515 4038 rustica
1566 3962 1997 4039 desumtam=

1106 4102 1486 4196 „Praedia
1556 4107 1824 4180 rustica
1885 4108 1959 4180 in
2029 4109 2299 4207 eampis
2346 4105 2497 4182 late
2548 4107 2879 4208 dispersa
2929 4108 3147 4183 multo
3203 4111 3453 4182 minori
3507 4106 3889 4182 commodo
3943 4110 4134 4183 ooli..

1172 4267 1374 4341 quam
1426 4245 1672 4318 vicina
1723 4251 1797 4320 et
1850 4246 2328 4341 continentia,
2381 4251 2567 4324 inter
2618 4270 2866 4324 omnes
2911 4256 3219 4332 constat.
3325 4247 3555 4338 Quum
3592 4270 3772 4324 vero
3807 4248 4096 4346 singula

1166 4384 1500 4483 praedia,
1568 4408 1752 4483 quae
1803 4388 2103 4485 quisque
2157 4387 2516 4488 possidet,
2595 4387 3041 4463 aestimando
3096 4395 3171 4463 et
3218 4387 3686 4489 permutando
3739 4393 4087 4489 conjungi

1166 4529 1489 4638 possint,
1574 4526 1794 4623 idque
1858 4530 2083 4627 ipsum
2147 4537 2380 4604 tamen
2449 4531 2681 4603 rarius
2744 4529 2937 4629 apud
3006 4536 3371 4604 nostrates
3420 4530 3615 4605 effici
3686 4528 4086 4622 videamus,

1175 4671 1377 4740 varia
1445 4690 1678 4765 eaque
1745 4670 2007 4766 gravia
2067 4667 2289 4767 huJus
2366 4671 2611 4767 operis
2681 4668 3183 4769 impedimenta
3245 4667 3511 4745 adesse
3577 4668 4099 4744 concludimus.

1171 4808 1420 4907 ltaque
1471 4807 1676 4883 Ordo
1736 4808 2098 4909 postulat,
2184 4818 2259 4883 ut
2310 4811 2704 4905 inquiratur
2753 4811 2827 4882 in
2879 4832 3183 4902 causas,
3271 4833 3454 4906 quae
3506 4809 3700 4884 illam
3751 4831 4088 4907 agrorum

1050 4982 1056 4991 ·
1176 4953 1771 5050 permutationem
1850 4949 2445 5047 (Arrondirung‚
2516 4947 3131 5046 Consolidirung)
3214 4949 3640 5051 impediant,
3732 4962 3806 5024 et
3855 4953 3921 5024 in
3976 4972 4103 5024 re-

1175 5088 1444 5182 media,
1512 5090 1765 5189 quibus
1815 5089 1997 5165 haee
2050 5088 2550 5189 impedimenta
2601 5096 3158 5165 amoveantur.“
