4782 6002
2298 506 2383 577 17

885 736 1208 810 Privatim
1265 738 1654 814 docentibus
1691 766 2043 817 accessere
2070 745 2844 851 LicentiatusAdolphus
2894 737 3331 833 Hausrath
3385 768 3451 835 in
3505 765 3736 840 ordine
3790 769 3993 844 theo-

682 875 1023 968 logorum,
1077 875 1193 948 Dr.
1249 877 1492 951 Paulus
1546 880 1895 954 Labaud
1949 895 2015 956 et
2067 884 2182 958 Dr.
2236 888 2309 958 F.
2366 889 2482 961 W.
2553 893 2935 967 Schaaff
2976 897 3561 995 Heidelbergensis
3625 908 3690 977 in
3749 908 3983 981 ordine

671 1013 1331 1106 Jureconsultorum,
1414 1018 1530 1091 Dr.
1621 1019 2016 1096 Franciseus
2089 1024 2380 1098 Knauf
2391 1028 2426 1099 f
2485 1033 2550 1101 in
2624 1031 2858 1104 ordine
2915 1035 3357 1129 medicorum,
3414 1041 3528 1115 Dr.
3603 1043 3984 1119 Leonardus

671 1150 966 1224 Rabus
1020 1157 1084 1225 in
1140 1154 1374 1228 ordine
1427 1156 2005 1256 philosophorum:
2061 1186 2101 1235 e
2153 1168 2458 1260 privatim
2499 1168 2869 1244 docentium
2922 1197 3198 1247 numero
3251 1189 3484 1273 sponte
3537 1180 3984 1257 discesserunt

671 1286 1353 1387 Wippermann,
1408 1296 1784 1371 Pikford
1839 1312 1905 1372 et
1955 1301 2232 1376 Holle.

874 1431 948 1502 ln
1002 1437 1357 1507 seminario
1410 1436 1785 1546 theologico
1840 1440 2197 1513 secundum
2253 1447 2741 1518 concionatoris
2794 1458 2861 1520 et
2885 1456 3178 1544 magistri
3219 1453 3434 1526 locum
3489 1456 3980 1552 accepitOscar

668 1563 1355 1672 Schellenberg,
1410 1574 1603 1648 verbi
1657 1577 1860 1649 divini
1912 1582 2224 1651 minister.

874 1709 1063 1797 Quod
1135 1712 1219 1783 ad
1284 1708 1753 1788 Universitatis
1821 1716 2276 1790 bibliothecam
2352 1723 2616 1811 attinet,
2687 1726 2750 1794 in
2824 1723 3053 1797 Weilii
3126 1727 3341 1801 locum
3413 1737 3733 1804 successit
3803 1733 3968 1806 alter

666 1846 1201 1923 bibliothecarius
1252 1849 1369 1925 Dr.
1425 1851 1844 1944 Thibaut,
1897 1860 2085 1946 cujus
2139 1861 2407 1951 negotia
2465 1860 2751 1932 curanda
2807 1862 3038 1935 tradita
3093 1861 3244 1937 sunt
3292 1865 3720 1942 Bendero.

869 2180 1224 2252 Praeterea
1277 2183 1505 2277 plures
1576 2184 1869 2278 collegas
1939 2184 2354 2277 dignitatibus
2428 2195 2494 2258 et
2563 2188 2924 2261 honoribus
2997 2201 3226 2262 auctos
3297 2214 3449 2264 esse
3519 2195 3874 2269 laetamur:
3927 2222 3967 2270 a

658 2285 950 2389 consiliis
981 2319 1172 2391 aulae
1198 2320 1547 2414 professor
1571 2327 1939 2395 nominatus
1984 2335 2085 2397 est
2121 2323 2496 2398 Ludovicus
2550 2325 2662 2397 Ha
2686 2350 2942 2399 eusse
2965 2354 3035 2416 r,
3090 2331 3370 2404 concilio
3399 2353 3712 2427 supremo
3742 2356 3965 2406 rerum

658 2452 1218 2548 Evangelicarum
1276 2457 1929 2533 administrandarum
1986 2461 2240 2535 additus
2295 2473 2395 2535 est
2450 2463 2736 2537 Richard
2789 2463 3109 2554 Rothe,
3175 2481 3445 2541 ornatus
3519 2493 3779 2565 quoque
3848 2477 3962 2545 in-

654 2595 950 2689 signibus
1022 2595 1270 2668 ordinis
1340 2597 1580 2671 Leonis
1612 2600 1985 2692 -Zaringiae
2039 2600 2373 2672 secundae
2427 2603 2697 2692 classis,
2753 2604 3060 2695 ejusdem.
3134 2607 3383 2678 ordinis
3439 2614 3669 2680 tertiae
3726 2610 3960 2683 classis

651 2737 1020 2831 insignibus
1076 2736 1554 2810 condecoratus
1625 2746 1725 2809 est
1779 2735 2315 2812 Helmholtz':
2384 2741 2573 2812 stella
2626 2741 2959 2814 secundae
3013 2743 3242 2816 classis
3310 2746 3670 2840 insignibus
3742 2747 3956 2821 addita

660 2876 1126 2972 Vangerowio
1216 2876 1453 2948 tradita
1546 2884 1688 2967 est3
1783 2878 2057 2969 insignia
2167 2878 2415 2951 ordinis
2487 2878 2825 2951 domestici
2905 2881 3219 2953 Saxonici
3289 2882 3619 2957 Ernestini
3683 2890 3954 2982 accepit

652 3016 884 3113 Zopf
895 3017 951 3107 l,
990 3016 1236 3089 ordinis
1280 3020 1488 3090 sancti
1523 3017 1828 3088 Stanislai
1858 3016 2117 3088 Russici
2147 3017 2478 3090 secundae
2507 3020 2738 3092 classis
2772 3022 3049 3114 insignia
3077 3020 3470 3111 Bunsen,
3517 3028 3623 3118 qui
3654 3026 3951 3118 eJ’usdem

650 3156 880 3228 classis
935 3153 1300 3250 insignibus
1355 3155 1602 3228 ordinis
1653 3154 1915 3227 Franco
1969 3154 2199 3227 Gallici
2275 3156 2753 3230 condecoratus
2810 3169 2949 3249 est,
3029 3161 3213 3252 cujus
3281 3165 3562 3255 insignia
3618 3168 3948 3257 equestria

651 3293 923 3368 obtinuit
972 3293 1475 3367 Kirchhoff.

842 3625 1135 3696 Instituta
1188 3624 1632 3715 Academica,
1690 3647 1859 3718 quae
1912 3623 2251 3713 dicuntur,
2306 3625 2520 3696 multis
2576 3628 2894 3719 cujusque
2947 3631 3215 3721 generis
3270 3631 3694 3701 incrementis
3746 3640 3935 3702 aucta

631 3776 798 3837 sunt.
904 3762 1093 3836 Haud
1148 3784 1390 3860 paucas
1445 3768 1867 3837 accessiones
1920 3761 2539 3835 bibliothecae
2593 3766 2822 3857 copiae
2862 3776 3260 3860 acceperunt
3312 3786 3403 3836 ex
3455 3770 3688 3838 annuis
3743 3790 3937 3839 com-

627 3911 899 3998 paratae
953 3902 1304 3991 reditibus,
1359 3924 1523 3996 quos
1576 3903 1704 3975 hoc
1759 3926 1934 3976 anuo
1991 3900 2241 3974 duobus
2298 3900 2578 3974 millibus
2632 3902 3033 3975 florenorum
3089 3915 3315 3975 auctos
3373 3926 3523 3977 esse
3575 3904 3934 3979 laetamur:

628 4040 868 4113 multos
921 4064 1182 4138 quoque
1236 4041 1440 4115 libros
1495 4042 1671 4114 dono
1724 4044 1940 4114 illatos
1995 4063 2148 4113 esse
2201 4049 2396 4134 grato
2449 4038 2829 4136 profitemur
2880 4046 3135 4114 animo:
3192 4041 3430 4112 sactum
3487 4041 3547 4112 id
3603 4051 3705 4113 est
3755 4042 3932 4114 libe-

625 4179 880 4252 ralitate
932 4183 1172 4274 insigni
1228 4180 1632 4272 collegarum
1685 4192 2061 4253 nostrorum
2116 4181 2598 4273 multorumque
2643 4179 2916 4252 aliorum
2948 4184 3240 4252 virorum
3271 4180 3613 4252 doctorum
3640 4184 3928 4273 itemque

622 4321 1008 4390 societatum
1082 4317 1482 4390 eruditarum
1559 4327 1753 4414 atque
1823 4319 2338 4391 Academiarum
2411 4317 2902 4406 Bruxeliensis,
2972 4317 3432 4407 MonacensiS,
3502 4317 3928 4408 Viennensis,

620 4454 1189 4551 Petropolitanae,
1277 4460 1572 4551 inprimis
1651 4457 1922 4528 Instituti
1992 4457 2458 4529 Smithsouiani
2546 4462 2611 4529 in
2671 4456 2984 4529 America
3043 4455 3535 4551 septentrionali
3607 4466 3672 4526 et
3747 4454 3926 4529 Uni-

619 4596 951 4667 versitatis
1006 4592 1352 4667 Chiliensis
1408 4598 1471 4666 in
1526 4597 1833 4667 Amet-ica
1890 4594 2337 4669 meridionali:
2396 4595 2628 4690 quibus
2682 4594 3036 4683 omnibus‚·
3096 4604 3163 4666 ut
3211 4616 3332 4690 par
3385 4603 3526 4685 est,
3599 4599 3921 4668 maximas

588 4729 741 4819 ,hoc
794 4731 943 4804 loco
997 4732 1274 4805 solemni
1327 4737 1575 4827 gratias
1628 4741 2033 4829 peragimus.
3454 4838 3502 4910 3
