4782 6002
3866 573 4006 646 21

593 760 767 861 ipse
804 769 908 832 ex
956 749 1169 828 libris
1226 747 1532 850 [sep-‘am‘
1597 754 1673 825 et
1741 748 2044 827 aliorum
2111 755 2504 855 receperit.
2601 755 2724 832 Ita‘
2787 758 3347 859 interpraetatur
3409 758 3657 858 legem
3729 764 4007 840 unicam

593 897 986 989 Runom,
1038 890 1399 967 nuscum
1418 943 1440 984 ,
1491 889 1800 964 MAmu.

628 1069 639 1076 ·
716 1065 723 1070 ·
790 1033 1285 1110 Justintanm
1334 1036 1568 1105 autem
1616 1031 1779 1130 ipse
1826 1036 1965 1105 tam
2013 1031 2165 1107 late
2213 1029 2310 1107 de
2358 1033 2498 1110 hac
2544 1057 2630 1110 re
2677 1033 3031 1135 disputat,
3079 1043 3155 1112 et
3201 1060 3617 1137 quamquam
3649 1039 3742 1116 ad
3778 1045 4007 1141 origi-

596 1198 735 1254 nes
782 1176 964 1280 juris
1013 1173 1275 1271 antiqui
1322 1147 1401 1245 et
1441 1167 1751 1246 Juliani
1795 1179 1871 1246 et
1916 1168 2013 1246 ad
2065 1173 2643 1272 conjunctionem
2709 1179 2975 1274 jurium
3022 1202 3157 1253 usu
3218 1178 3521 1276 quodam
3573 1181 4007 1281 comproba-

596 1328 741 1394 tam
810 1317 1112 1416 respicit
1184 1319 1325 1387 tam
1404 1313 1635 1386 minus
1702 1320 2042 1388 accurata
2105 1312 2339 1390 verba
2390 1315 2609 1410 facit,
2676 1323 2753 1390 ut
2818 1340 3049 1414 neque
3114 1340 3216 1394 ex
3293 1320 3544 1396 verbis
3595 1295 3845 1420 ⁸neque
3904 1345 4006 1400 ex

596 1461 833 1532 mente
879 1427 1345 1553 imperatoris
1396 1475 1584 1528 vera
1633 1456 2170 1529 constitutionis
2219 1460 2478 1532 unicae
2528 1460 2714 1534 ratio
2768 1455 2932 1532 duci
2980 1461 3235 1557 possit.

796 1617 1005 1709 Quae
1056 1640 1214 1692 cum
1267 1619 1371 1693 ita
1419 1620 1606 1713 sint,
1661 1597 2079 1695 constitutio
2129 1621 2290 1723 ipsa
2337 1620 2806 1695 firmissimum
2839 1603 3325 1719 argumentum
3360 1624 3557 1700 illius
3601 1607 4003 1705 sententiae

593 1756 931 1862 praebet,
985 1781 1169 1855 quae
1195 1760 1292 1833 ·in
1345 1757 1833 1860 disputatione
1881 1760 2041 1859 ipsa
2088 1783 2134 1834 a
2183 1757 2398 1833 nobis
2447 1757 2543 1833 de
2603 1758 2928 1859 plurimis
2978 1758 3406 1837 Justinimd
3463 1770 4004 1844 constitutioni-

594 1899 732 1975 bus
777 1898 924 1974 lata
974 1906 1111 1973 est.

802 2064 1142 2161 Denique
1188 2084 1414 2153 vero,
1464 2067 1577 2157 nt,
1629 2057 1803 2159 quid
1842 2058 2065 2162 ‘nobis
2113 2058 2209 2138 de
2267 2059 2408 2138 hae
2475 2083 2559 2139 re
2626 2062 3008 2163 videatur,
3073 2075 3448 2170 appareat,
3515 2070 4007 2151 discernamus

596 2202 1036 2281 hereditates
1087 2210 1163 2278 et
1209 2202 1474 2300 legata.

793 2367 892 2442 A.
988 2365 1078 2442 In
1128 2363 1651 2441 hereditatibus
1698 2319 1850 2442 tres
1901 2372 2288 2442 occurrunt
2336 2371 2844 2468 quaestiones:

792 2533 855 2608 1.
904 2557 996 2609 an
1045 2529 1360 2608 heredes
1408 2532 1659 2612 verbis
1703 2533 1941 2610 solum
1991 2535 2365 2633 conjuncti
2432 2556 2533 2609 ex
2600 2542 2837 2610 mente
2884 2534 3079 2633 legis
3144 2537 3403 2612 unicae
3453 2545 3825 2639 conjuncti
3873 2541 4011 2618 ha-

594 2672 959 2754 beantur?

799 2814 1027 2907 Quam
1124 2814 1613 2913 quaestionem
1689 2814 2179 2890 BAummsmn
2259 2817 2417 2914 jam
2479 2835 2577 2889 ex
2641 2818 2892 2888 natura
2957 2815 3068 2887 rei
3130 2813 3475 2912 affirmat,
3557 2818 3749 2892 idem
3828 2822 4015 2896 enim

597 2977 769 3034 esse
806 2951 1078 3048 dicens,
1129 2955 1506 3037 utrum-A.
1557 2953 1658 3031 B.
1717 2954 1805 3031 0.
1858 2957 1931 3031 in
1984 2963 2299 3056 quartam
2346 2961 2624 3055 partem
2674 2952 3026 3029 bonorum
3078 2951 3405 3033 defuncti
3458 2965 3867 3054 vocentur,
3907 2982 4001 3037 an

599 3094 849 3174 AB.
907 3092 995 3170 G.
1041 3099 1143 3171 ita
1189 3099 1685 3189 instituantur,
1763 3102 1842 3169 ut
1910 3098 2210 3194 quisque
2276 3119 2525 3172 eorum
2593 3099 2875 3171 unciam
2937 3093 3221 3170 habeat.
3324 3095 3536 3188 Quod
3616 3120 3801 3174 vero
3862 3105 4016 3199 jam

600 3233 774 3312 ideo
822 3235 1085 3312 falsum
1135 3259 1304 3312 esse
1355 3239 1657 3336 opinor,
1735 3240 1901 3335 quia
1963 3262 2010 3312 a
2069 3237 2508 3314 solennitate
2571 3234 3164 3311 instituendorum
3218 3235 3561 3313 heredum
3610 3237 3806 3339 apud
3850 3239 4012 3313 Ro-

603 3398 856 3453 manos
905 3380 1172 3452 usitata
1219 3375 1579 3460 abhorret.
1681 3377 1919 3454 Uncia
1972 3381 2156 3453 enim
2206 3386 2320 3454 est
2366 3401 2537 3478 pars
2585 3377 2894 3473 singulis
2946 3375 3156 3465 data,
3205 3384 3455 3475 quarta
3488 3386 3718 3454 autem
3768 3379 4014 3456 bono-

600 3541 753 3592 rum
798 3515 1127 3619 pluribus
1180 3515 1559 3617 designata
1609 3524 1723 3592 est
1770 3515 2013 3594 solida
2063 3524 2139 3594 et
2189 3519 2476 3614 integra
2525 3524 2742 3614 quota
2790 3513 3212 3591 hereditatis
3262 3519 3513 3617 ipsius,

805 3680 1024 3774 Quod
1072 3687 1143 3757 si
1185 3707 1372 3760 vero
1423 3683 1748 3760 nonnulli
1798 3686 2026 3760 Docti
2099 3682 2684 3782 interpretatione
2735 3678 3080 3758 historica
3125 3689 3453 3779 utuntur,
3516 3706 3665 3758 non
3715 3685 4016 3781 ignora-

606 3847 761 3899 mus
799 3876 825 3919 ,
907 3823 1119 3901 aliam
1207 3823 1437 3900 fuisse
1517 3847 1673 3901 rem
1745 3828 1816 3900 in
1883 3831 2057 3926 jure
2133 3822 2456 3899 Julian«,
2527 3820 2880 3921 Papiano
2914 3875 2937 3917 ,
3014 3821 3228 3897 aliam
3320 3827 3390 3900 in
3460 3828 3635 3922 jure
3701 3826 4015 3922 antiquo.

606 3962 709 4043 Δ.
756 3962 860 4039 Β.
919 3960 1045 4057 0.,
1097 3966 1164 4038 si
1214 3964 1518 4063 quisque
1567 3987 1813 4040 eorum
1864 3967 1934 4040 in
1987 3966 2268 4041 unciam
2318 3963 2745 4041 hereditatis
2807 3966 3245 4063 vocabatur,
3297 3968 3489 4063 iique
3554 3990 3805 4043 omnes
3854 3989 4016 4043 ser·-

607 4124 823 4180 mone
873 4103 1172 4180 collecti
1241 4111 1486 4199 erant,
1559 4108 1660 4181 ita
1727 4128 1826 4180 ex
1879 4110 2053 4205 jun-e
2102 4104 2426 4185 Juliano
2490 4107 2789 4185 instituti
2850 4106 3179 4199 fuerunt,
3250 4112 3329 4179 ut
3394 4104 3485 4179 ab
3552 4109 3639 4181 iis
3708 4105 4016 4185 heredes
4171 4152 4180 4159 -

528 4286 533 4291 -
603 4248 872 4344 patret
918 4244 1046 4319 vel
1092 4245 1316 4335 fiscus
1369 4243 1948 4323 excluderentur.
2047 4245 2148 4320 Et
2179 4268 2335 4322 eam
2359 4251 2514 4347 jam
2557 4255 2860 4321 mentem
2892 4270 2989 4321 ex
3022 4245 3197 4344 lege
3239 4246 3625 4322 caducaria
3656 4244 3944 4321 sublata
3976 4269 4022 4320 a

609 4385 1055 4471 Justt‘m‘auo
1107 4387 1384 4466 demum
1432 4399 1798 4491 receptam
1870 4389 1946 4465 hi
2012 4389 2341 4469 historici
2389 4388 2570 4466 Jcti
2621 4389 2847 4462 nostri
2882 4390 3226 4490 temporis
3259 4392 3610 4461 statuuntz
3661 4385 4018 4463 nonom-

612 4551 907 4631 nempe‚
957 4531 1316 4606 Huscm
1368 4540 1445 4607 et
1492 4531 1781 4606 MAYnn
1830 4530 1923 4606 ad
1975 4529 2203 4608 verba
2252 4534 2330 4620 Si
2383 4526 2500 4603 10.
2549 4527 2742 4626 legis
2790 4529 3045 4601 unicae
3093 4525 3285 4605 Cod.
3337 4529 3442 4604 tit.
3508 4534 4019 4625 provocantes.

812 4693 1024 4770 Haec
1074 4702 1308 4772 autem
1359 4699 1433 4771 in
1484 4695 1625 4772 hae
1675 4706 1776 4786 So
1825 4696 2037 4773 nullo
2082 4694 2302 4773 modo
2355 4695 2846 4794 reperiunturz
2908 4693 3152 4790 potins
3201 4711 3301 4764 ex
3352 4698 3457 4778 So
3510 4688 3626 4765 11.
3673 4689 3751 4764 id
3804 4688 4023 4812 intel-

613 4831 896 4932 ligitur,
945 4834 1475 4977 Justinianum
1521 4860 1806 4941 semper
1853 4835 2161 4915 solidum
2208 4842 2482 4939 partem
2530 4836 2605 4910 in
2657 4839 2895 4911 mente
2943 4831 3286 4909 habuisse
3306 4888 3327 4929 ‚
3397 4834 3473 4911 iu
3522 4856 3723 4930 quam
3773 4848 4025 4904 omnes

4745 2969 4761 3183 mnu-*1*
4741 2889 4752 2914 ““·
4755 2845 4756 2848 Α

4733 4004 4761 4109 „⁸,.„„‡.
4747 3948 4760 3977 A„
4757 3904 4760 3917 -
