<?xml version="1.0" encoding="UTF-8"?>
<!DOCTYPE html PUBLIC "-//W3C//DTD XHTML 1.0 Transitional//EN"
    "http://www.w3.org/TR/xhtml1/DTD/xhtml1-transitional.dtd">
<html xmlns="http://www.w3.org/1999/xhtml" xml:lang="en" lang="en">
 <head>
  <title>
</title>
<meta http-equiv="Content-Type" content="text/html;charset=utf-8" />
  <meta name='ocr-system' content='tesseract 3.04.00' />
  <meta name='ocr-capabilities' content='ocr_page ocr_carea ocr_par ocr_line ocrx_word'/>
</head>
<body>
  <div class='ocr_page' id='page_1' title='image "./diesinterpellat00beckgoog_0052.png"; bbox 0 0 4782 6002; ppageno 0'>
   <div class='ocr_carea' id='block_1_1' title="bbox 2574 551 2690 635">
    <p class='ocr_par' dir='ltr' id='par_1_1' title="bbox 2574 551 2690 635">
     <span class='ocr_line' id='line_1_1' title="bbox 2574 551 2690 635; baseline -0.009 0"><span class='ocrx_word' id='word_1_1' title='bbox 2574 551 2690 635; x_wconf 72' lang='lat'><strong>12</strong></span> 
     </span>
    </p>
   </div>
   <div class='ocr_carea' id='block_1_2' title="bbox 2430 656 2824 678">
    <p class='ocr_par' dir='ltr' id='par_1_2' title="bbox 2430 656 2824 678">
     <span class='ocr_line' id='line_1_2' title="bbox 2430 656 2824 678; baseline 0 0"><span class='ocrx_word' id='word_1_2' title='bbox 2430 656 2824 678; x_wconf 95' lang='lat' dir='ltr'><strong> </strong></span> 
     </span>
    </p>
   </div>
   <div class='ocr_carea' id='block_1_3' title="bbox 905 789 4334 1907">
    <p class='ocr_par' dir='ltr' id='par_1_3' title="bbox 905 789 4334 1907">
     <span class='ocr_line' id='line_1_3' title="bbox 932 789 4334 881; baseline 0.002 -23"><span class='ocrx_word' id='word_1_3' title='bbox 932 789 3048 880; x_wconf 69' lang='lat' dir='ltr'><strong>populos,nequenonflraeeosetnemanosduefluntaie‚</strong></span> <span class='ocrx_word' id='word_1_4' title='bbox 3107 789 4050 878; x_wconf 47' lang='grc' dir='ltr'><strong>μοι-κωκυ,</strong></span> <span class='ocrx_word' id='word_1_5' title='bbox 4121 794 4334 881; x_wconf 52' lang='grc' dir='ltr'><strong>με</strong></span> 
     </span>
     <span class='ocr_line' id='line_1_4' title="bbox 930 915 4322 1009; baseline 0.002 -22"><span class='ocrx_word' id='word_1_6' title='bbox 930 921 1294 1009; x_wconf 73' lang='lat' dir='ltr'><strong>ignorasse</strong></span> <span class='ocrx_word' id='word_1_7' title='bbox 1310 965 1332 1006; x_wconf 92' lang='lat'><strong>,</strong></span> <span class='ocrx_word' id='word_1_8' title='bbox 1398 920 1813 987; x_wconf 77' lang='lat' dir='ltr'><strong>nihilominus</strong></span> <span class='ocrx_word' id='word_1_9' title='bbox 1853 935 2017 985; x_wconf 87' lang='lat' dir='ltr'><strong>vero</strong></span> <span class='ocrx_word' id='word_1_10' title='bbox 2036 917 2420 1005; x_wconf 78' lang='lat' dir='ltr'><strong>probitate,</strong></span> <span class='ocrx_word' id='word_1_11' title='bbox 2480 935 2731 1007; x_wconf 71' lang='lat' dir='ltr'><strong>magno</strong></span> <span class='ocrx_word' id='word_1_12' title='bbox 2767 918 3021 1001; x_wconf 81' lang='lat' dir='ltr'><strong>amine,</strong></span> <span class='ocrx_word' id='word_1_13' title='bbox 3091 915 3345 985; x_wconf 68' lang='lat' dir='ltr'><strong>virtute</strong></span> <span class='ocrx_word' id='word_1_14' title='bbox 3394 917 3671 1004; x_wconf 77' lang='lat' dir='ltr'><strong>primum</strong></span> <span class='ocrx_word' id='word_1_15' title='bbox 3727 917 3910 985; x_wconf 62' lang='lat' dir='ltr'><strong>iuoer</strong></span> <span class='ocrx_word' id='word_1_16' title='bbox 3965 935 4198 990; x_wconf 63' lang='lat' dir='ltr'><strong>sums</strong></span> <span class='ocrx_word' id='word_1_17' title='bbox 4241 930 4322 993; x_wconf 78' lang='lat' dir='ltr'><strong>et</strong></span> 
     </span>
     <span class='ocr_line' id='line_1_5' title="bbox 932 1043 4330 1134; baseline 0.001 -17"><span class='ocrx_word' id='word_1_18' title='bbox 932 1050 1302 1118; x_wconf 70' lang='lat' dir='ltr'><strong>obtinuisse</strong></span> <span class='ocrx_word' id='word_1_19' title='bbox 1341 1054 1413 1116; x_wconf 91' lang='lat' dir='ltr'><strong>et</strong></span> <span class='ocrx_word' id='word_1_20' title='bbox 1450 1049 1663 1115; x_wconf 82' lang='lat' dir='ltr'><strong>adhuc</strong></span> <span class='ocrx_word' id='word_1_21' title='bbox 1704 1047 2005 1114; x_wconf 79' lang='lat' dir='ltr'><strong>obtinere</strong></span> <span class='ocrx_word' id='word_1_22' title='bbox 2043 1047 2299 1132; x_wconf 84' lang='lat' dir='ltr'><strong>locum,</strong></span> <span class='ocrx_word' id='word_1_23' title='bbox 2356 1046 2756 1134; x_wconf 81' lang='lat' dir='ltr'><strong>intimasque</strong></span> <span class='ocrx_word' id='word_1_24' title='bbox 2793 1047 3121 1114; x_wconf 63' lang='lat' dir='ltr'><strong>animun</strong></span> <span class='ocrx_word' id='word_1_25' title='bbox 3161 1050 3235 1113; x_wconf 79' lang='lat' dir='ltr'><strong>et</strong></span> <span class='ocrx_word' id='word_1_26' title='bbox 3267 1043 3667 1114; x_wconf 72' lang='lat' dir='ltr'><strong>sodalitates</strong></span> <span class='ocrx_word' id='word_1_27' title='bbox 3708 1051 4156 1118; x_wconf 78' lang='lat' dir='ltr'><strong>contraxisse.</strong></span> <span class='ocrx_word' id='word_1_28' title='bbox 4235 1051 4330 1121; x_wconf 73' lang='lat' dir='ltr'><strong>et</strong></span> 
     </span>
     <span class='ocr_line' id='line_1_6' title="bbox 931 1174 4324 1266; baseline 0 -21"><span class='ocrx_word' id='word_1_29' title='bbox 931 1195 1134 1264; x_wconf 80' lang='lat' dir='ltr'><strong>vero,</strong></span> <span class='ocrx_word' id='word_1_30' title='bbox 1200 1195 1327 1264; x_wconf 88' lang='lat' dir='ltr'><strong>quo</strong></span> <span class='ocrx_word' id='word_1_31' title='bbox 1384 1177 1739 1245; x_wconf 79' lang='lat' dir='ltr'><strong>absurdius</strong></span> <span class='ocrx_word' id='word_1_32' title='bbox 1794 1178 2220 1266; x_wconf 87' lang='lat' dir='ltr'><strong>ineptiusque</strong></span> <span class='ocrx_word' id='word_1_33' title='bbox 2273 1176 2439 1243; x_wconf 84' lang='lat' dir='ltr'><strong>nihil</strong></span> <span class='ocrx_word' id='word_1_34' title='bbox 2487 1178 2781 1265; x_wconf 75' lang='lat' dir='ltr'><strong>cogitari</strong></span> <span class='ocrx_word' id='word_1_35' title='bbox 2817 1180 3075 1264; x_wconf 85' lang='lat' dir='ltr'><strong>potest,</strong></span> <span class='ocrx_word' id='word_1_36' title='bbox 3135 1176 3508 1264; x_wconf 78' lang='lat' dir='ltr'><strong>opinionem</strong></span> <span class='ocrx_word' id='word_1_37' title='bbox 3548 1174 4067 1263; x_wconf 55' lang='lat' dir='ltr'><strong>praejudicu-</strong></span> <span class='ocrx_word' id='word_1_38' title='bbox 4099 1181 4324 1246; x_wconf 75' lang='lat' dir='ltr'><strong>secuti</strong></span> 
     </span>
     <span class='ocr_line' id='line_1_7' title="bbox 931 1304 4328 1393; baseline 0 -19"><span class='ocrx_word' id='word_1_39' title='bbox 931 1323 1079 1374; x_wconf 85' lang='lat' dir='ltr'><strong>cum</strong></span> <span class='ocrx_word' id='word_1_40' title='bbox 1119 1311 1369 1373; x_wconf 76' lang='lat' dir='ltr'><strong>tantum</strong></span> <span class='ocrx_word' id='word_1_41' title='bbox 1408 1307 1682 1392; x_wconf 81' lang='lat' dir='ltr'><strong>probum</strong></span> <span class='ocrx_word' id='word_1_42' title='bbox 1721 1323 1805 1373; x_wconf 90' lang='lat' dir='ltr'><strong>ac</strong></span> <span class='ocrx_word' id='word_1_43' title='bbox 1848 1307 2084 1372; x_wconf 76' lang='lat' dir='ltr'><strong>bonum</strong></span> <span class='ocrx_word' id='word_1_44' title='bbox 2141 1305 2540 1372; x_wconf 75' lang='lat' dir='ltr'><strong>haberemus</strong></span> <span class='ocrx_word' id='word_1_45' title='bbox 2601 1307 2964 1389; x_wconf 81' lang='lat' dir='ltr'><strong>hominem,</strong></span> <span class='ocrx_word' id='word_1_46' title='bbox 3027 1306 3141 1393; x_wconf 89' lang='lat' dir='ltr'><strong>qui</strong></span> <span class='ocrx_word' id='word_1_47' title='bbox 3179 1309 3582 1392; x_wconf 75' lang='lat' dir='ltr'><strong>provocatus</strong></span> <span class='ocrx_word' id='word_1_48' title='bbox 3622 1304 3911 1371; x_wconf 68' lang='lat' dir='ltr'><strong>duellum</strong></span> <span class='ocrx_word' id='word_1_49' title='bbox 3949 1323 4328 1375; x_wconf 61' lang='lat' dir='ltr'><strong>conem-</strong></span> 
     </span>
     <span class='ocr_line' id='line_1_8' title="bbox 927 1432 4326 1523; baseline 0 -22"><span class='ocrx_word' id='word_1_50' title='bbox 927 1434 1080 1501; x_wconf 83' lang='lat' dir='ltr'><strong>dnm</strong></span> <span class='ocrx_word' id='word_1_51' title='bbox 1121 1436 1465 1523; x_wconf 73' lang='lat' dir='ltr'><strong>suscipere</strong></span> <span class='ocrx_word' id='word_1_52' title='bbox 1504 1439 1621 1502; x_wconf 90' lang='lat' dir='ltr'><strong>aut</strong></span> <span class='ocrx_word' id='word_1_53' title='bbox 1662 1434 2025 1521; x_wconf 74' lang='lat' dir='ltr'>ignominia</span> <span class='ocrx_word' id='word_1_54' title='bbox 2063 1436 2347 1501; x_wconf 70' lang='lat' dir='ltr'><strong>affectus</strong></span> <span class='ocrx_word' id='word_1_55' title='bbox 2386 1432 2848 1503; x_wconf 84' lang='lat' dir='ltr'><strong>adversarium</strong></span> <span class='ocrx_word' id='word_1_56' title='bbox 2912 1452 3100 1500; x_wconf 82' lang='lat' dir='ltr'><strong>suum</strong></span> <span class='ocrx_word' id='word_1_57' title='bbox 3139 1451 3507 1519; x_wconf 83' lang='lat' dir='ltr'><strong>provocare</strong></span> <span class='ocrx_word' id='word_1_58' title='bbox 3546 1450 3679 1499; x_wconf 89' lang='lat' dir='ltr'><strong>non</strong></span> <span class='ocrx_word' id='word_1_59' title='bbox 3721 1433 4090 1521; x_wconf 74' lang='lat' dir='ltr'><strong>dubitaret,</strong></span> <span class='ocrx_word' id='word_1_60' title='bbox 4153 1453 4326 1522; x_wconf 79' lang='lat' dir='ltr'><strong>pro-</strong></span> 
     </span>
     <span class='ocr_line' id='line_1_9' title="bbox 929 1560 4320 1652; baseline 0 -20"><span class='ocrx_word' id='word_1_61' title='bbox 929 1565 1104 1632; x_wconf 74' lang='lat' dir='ltr'><strong>bitas</strong></span> <span class='ocrx_word' id='word_1_62' title='bbox 1146 1564 1234 1631; x_wconf 93' lang='lat' dir='ltr'><strong>de</strong></span> <span class='ocrx_word' id='word_1_63' title='bbox 1272 1565 1478 1631; x_wconf 85' lang='lat' dir='ltr'><strong>armis</strong></span> <span class='ocrx_word' id='word_1_64' title='bbox 1521 1564 1695 1629; x_wconf 86' lang='lat' dir='ltr'><strong>scite</strong></span> <span class='ocrx_word' id='word_1_65' title='bbox 1735 1562 2105 1630; x_wconf 70' lang='lat' dir='ltr'><strong>tractandis</strong></span> <span class='ocrx_word' id='word_1_66' title='bbox 2147 1564 2599 1651; x_wconf 68' lang='lat' dir='ltr'><strong>dependeret,</strong></span> <span class='ocrx_word' id='word_1_67' title='bbox 2664 1569 2868 1652; x_wconf 81' lang='lat' dir='ltr'><strong>atque</strong></span> <span class='ocrx_word' id='word_1_68' title='bbox 2910 1562 3264 1630; x_wconf 79' lang='lat' dir='ltr'><strong>fac‘dlimus</strong></span> <span class='ocrx_word' id='word_1_69' title='bbox 3325 1562 3604 1649; x_wconf 86' lang='lat' dir='ltr'><strong>quisquc</strong></span> <span class='ocrx_word' id='word_1_70' title='bbox 3638 1560 3727 1627; x_wconf 87' lang='lat' dir='ltr'><strong>ad</strong></span> <span class='ocrx_word' id='word_1_71' title='bbox 3767 1579 4040 1651; x_wconf 78' lang='lat' dir='ltr'><strong>pugnas</strong></span> <span class='ocrx_word' id='word_1_72' title='bbox 4075 1564 4320 1632; x_wconf 75' lang='lat' dir='ltr'><strong>ineun-</strong></span> 
     </span>
     <span class='ocr_line' id='line_1_10' title="bbox 926 1690 4316 1781; baseline -0.001 -20"><span class='ocrx_word' id='word_1_73' title='bbox 926 1694 1054 1761; x_wconf 86' lang='lat' dir='ltr'><strong>das</strong></span> <span class='ocrx_word' id='word_1_74' title='bbox 1094 1693 1530 1781; x_wconf 75' lang='lat' dir='ltr'><strong>probissimus</strong></span> <span class='ocrx_word' id='word_1_75' title='bbox 1571 1693 1991 1779; x_wconf 76' lang='lat' dir='ltr'><strong>optimusque</strong></span> <span class='ocrx_word' id='word_1_76' title='bbox 2030 1697 2223 1759; x_wconf 85' lang='lat' dir='ltr'><strong>esset</strong></span> <span class='ocrx_word' id='word_1_77' title='bbox 2258 1691 2644 1778; x_wconf 84' lang='lat' dir='ltr'><strong>ducendus,</strong></span> <span class='ocrx_word' id='word_1_78' title='bbox 2706 1690 2994 1777; x_wconf 75' lang='lat' dir='ltr'><strong>indeque</strong></span> <span class='ocrx_word' id='word_1_79' title='bbox 3031 1694 3597 1776; x_wconf 66' lang='lat' dir='ltr'><strong>consequeremr,</strong></span> <span class='ocrx_word' id='word_1_80' title='bbox 3646 1693 3718 1755; x_wconf 85' lang='lat' dir='ltr'><strong>ut</strong></span> <span class='ocrx_word' id='word_1_81' title='bbox 3755 1690 4096 1774; x_wconf 84' lang='lat' dir='ltr'><strong>pessimus</strong></span> <span class='ocrx_word' id='word_1_82' title='bbox 4133 1692 4316 1779; x_wconf 76' lang='lat' dir='ltr'><strong>qnia-</strong></span> 
     </span>
     <span class='ocr_line' id='line_1_11' title="bbox 905 1817 4324 1907; baseline -0 -20"><span class='ocrx_word' id='word_1_83' title='bbox 905 1817 1057 1907; x_wconf 66' lang='lat' dir='ltr'><strong>&#39;que</strong></span> <span class='ocrx_word' id='word_1_84' title='bbox 1105 1821 1409 1907; x_wconf 77' lang='lat' dir='ltr'><strong>idemque</strong></span> <span class='ocrx_word' id='word_1_85' title='bbox 1461 1820 1898 1907; x_wconf 82' lang='lat' dir='ltr'><strong>pravissimus</strong></span> <span class='ocrx_word' id='word_1_86' title='bbox 1958 1820 2313 1907; x_wconf 84' lang='lat' dir='ltr'><strong>impunitus</strong></span> <span class='ocrx_word' id='word_1_87' title='bbox 2382 1821 2750 1904; x_wconf 78' lang='lat' dir='ltr'><strong>existeret,</strong></span> <span class='ocrx_word' id='word_1_88' title='bbox 2827 1819 2956 1885; x_wconf 86' lang='lat' dir='ltr'><strong>imo</strong></span> <span class='ocrx_word' id='word_1_89' title='bbox 3011 1817 3262 1903; x_wconf 76' lang='lat' dir='ltr'><strong>dignus</strong></span> <span class='ocrx_word' id='word_1_90' title='bbox 3323 1821 3753 1902; x_wconf 76' lang='lat' dir='ltr'><strong>censeretur,</strong></span> <span class='ocrx_word' id='word_1_91' title='bbox 3827 1820 3944 1904; x_wconf 77' lang='lat' dir='ltr'><strong>qui</strong></span> <span class='ocrx_word' id='word_1_92' title='bbox 4001 1818 4324 1888; x_wconf 70' lang='lat' dir='ltr'><strong>laudibus·</strong></span> 
     </span>
    </p>
   </div>
   <div class='ocr_carea' id='block_1_4' title="bbox 822 1945 4324 2038">
    <p class='ocr_par' dir='ltr' id='par_1_4' title="bbox 822 1945 4324 2038">
     <span class='ocr_line' id='line_1_12' title="bbox 822 1945 4324 2038; baseline 0 -23"><span class='ocrx_word' id='word_1_93' title='bbox 822 2009 829 2022; x_wconf 83' lang='lat'><strong>,</strong></span> <span class='ocrx_word' id='word_1_94' title='bbox 924 1952 1305 2034; x_wconf 60' lang='lat' dir='ltr'><strong>efferretur,</strong></span> <span class='ocrx_word' id='word_1_95' title='bbox 1368 1945 1710 2013; x_wconf 85' lang='lat' dir='ltr'><strong>dummodo</strong></span> <span class='ocrx_word' id='word_1_96' title='bbox 1766 1947 2064 2032; x_wconf 74' lang='lat' dir='ltr'><strong>gladium</strong></span> <span class='ocrx_word' id='word_1_97' title='bbox 2119 1949 2343 2035; x_wconf 87' lang='lat' dir='ltr'><strong>perite</strong></span> <span class='ocrx_word' id='word_1_98' title='bbox 2382 1949 2653 2017; x_wconf 80' lang='lat' dir='ltr'><strong>vibrare</strong></span> <span class='ocrx_word' id='word_1_99' title='bbox 2693 1949 2991 2016; x_wconf 82' lang='lat' dir='ltr'><strong>cuileret.</strong></span> <span class='ocrx_word' id='word_1_100' title='bbox 3072 1946 3273 2033; x_wconf 82' lang='lat' dir='ltr'><strong>Apud</strong></span> <span class='ocrx_word' id='word_1_101' title='bbox 3314 1947 3651 2012; x_wconf 81' lang='lat' dir='ltr'><strong>Romanos</strong></span> <span class='ocrx_word' id='word_1_102' title='bbox 3691 1945 4149 2035; x_wconf 69' lang='lat' dir='ltr'><strong>gladiatores,</strong></span> <span class='ocrx_word' id='word_1_103' title='bbox 4209 1952 4324 2038; x_wconf 75' lang='lat' dir='ltr'><strong>qui</strong></span> 
     </span>
    </p>
   </div>
   <div class='ocr_carea' id='block_1_5' title="bbox 917 2073 4320 3957">
    <p class='ocr_par' dir='ltr' id='par_1_5' title="bbox 917 2073 4320 3957">
     <span class='ocr_line' id='line_1_13' title="bbox 925 2073 4320 2164; baseline 0.001 -25"><span class='ocrx_word' id='word_1_104' title='bbox 925 2073 1222 2162; x_wconf 86' lang='lat' dir='ltr'><strong>quotidie</strong></span> <span class='ocrx_word' id='word_1_105' title='bbox 1270 2074 1617 2140; x_wconf 85' lang='lat' dir='ltr'><strong>immanem</strong></span> <span class='ocrx_word' id='word_1_106' title='bbox 1669 2075 2078 2161; x_wconf 76' lang='lat' dir='ltr'><strong>praebebant</strong></span> <span class='ocrx_word' id='word_1_107' title='bbox 2129 2076 2451 2161; x_wconf 70' lang='lat' dir='ltr'><strong>annuum,</strong></span> <span class='ocrx_word' id='word_1_108' title='bbox 2519 2076 2920 2163; x_wconf 78' lang='lat' dir='ltr'><strong>fortitudini,</strong></span> <span class='ocrx_word' id='word_1_109' title='bbox 2998 2093 3088 2143; x_wconf 89' lang='lat' dir='ltr'><strong>ne</strong></span> <span class='ocrx_word' id='word_1_110' title='bbox 3145 2073 3358 2142; x_wconf 87' lang='lat' dir='ltr'><strong>dicam</strong></span> <span class='ocrx_word' id='word_1_111' title='bbox 3411 2074 3739 2141; x_wconf 77' lang='lat' dir='ltr'><strong>audaciae</strong></span> <span class='ocrx_word' id='word_1_112' title='bbox 3789 2076 3904 2142; x_wconf 82' lang='lat' dir='ltr'><strong>vel</strong></span> <span class='ocrx_word' id='word_1_113' title='bbox 3941 2078 4320 2164; x_wconf 79' lang='lat' dir='ltr'><strong>temeritati,</strong></span> 
     </span>
     <span class='ocr_line' id='line_1_14' title="bbox 926 2201 4318 2296; baseline 0.002 -28"><span class='ocrx_word' id='word_1_114' title='bbox 926 2201 1107 2269; x_wconf 75' lang='lat' dir='ltr'><strong>haud</strong></span> <span class='ocrx_word' id='word_1_115' title='bbox 1150 2202 1581 2287; x_wconf 73' lang='lat' dir='ltr'><strong>dissimilem,</strong></span> <span class='ocrx_word' id='word_1_116' title='bbox 1642 2203 1954 2269; x_wconf 86' lang='lat' dir='ltr'><strong>contemti</strong></span> <span class='ocrx_word' id='word_1_117' title='bbox 1992 2204 2349 2290; x_wconf 76' lang='lat' dir='ltr'><strong>vivebant,</strong></span> <span class='ocrx_word' id='word_1_118' title='bbox 2406 2206 2895 2294; x_wconf 85' lang='lat' dir='ltr'><strong>repudiatique,</strong></span> <span class='ocrx_word' id='word_1_119' title='bbox 2959 2206 3120 2296; x_wconf 73' lang='lat' dir='ltr'><strong>licet</strong></span> <span class='ocrx_word' id='word_1_120' title='bbox 3156 2202 3554 2291; x_wconf 82' lang='lat' dir='ltr'><strong>intrepidum</strong></span> <span class='ocrx_word' id='word_1_121' title='bbox 3591 2208 3793 2288; x_wconf 83' lang='lat' dir='ltr'><strong>atque</strong></span> <span class='ocrx_word' id='word_1_122' title='bbox 3831 2205 4082 2271; x_wconf 86' lang='lat' dir='ltr'><strong>timoris</strong></span> <span class='ocrx_word' id='word_1_123' title='bbox 4117 2206 4318 2294; x_wconf 77' lang='lat' dir='ltr'><strong>plane</strong></span> 
     </span>
     <span class='ocr_line' id='line_1_15' title="bbox 928 2330 4320 2421; baseline 0.001 -25"><span class='ocrx_word' id='word_1_124' title='bbox 928 2334 1277 2417; x_wconf 80' lang='lat' dir='ltr'><strong>expertem</strong></span> <span class='ocrx_word' id='word_1_125' title='bbox 1318 2330 1592 2417; x_wconf 88' lang='lat' dir='ltr'><strong>saepius</strong></span> <span class='ocrx_word' id='word_1_126' title='bbox 1648 2331 2085 2399; x_wconf 81' lang='lat' dir='ltr'><strong>ostenderent</strong></span> <span class='ocrx_word' id='word_1_127' title='bbox 2139 2336 2445 2402; x_wconf 82' lang='lat' dir='ltr'><strong>animum.</strong></span> <span class='ocrx_word' id='word_1_128' title='bbox 2531 2334 2964 2403; x_wconf 79' lang='lat' dir='ltr'><strong>Clarissimus</strong></span> <span class='ocrx_word' id='word_1_129' title='bbox 3004 2332 3381 2421; x_wconf 67' lang='lat' dir='ltr'><strong>mongalvy</strong></span> <span class='ocrx_word' id='word_1_130' title='bbox 3439 2332 3808 2414; x_wconf 83' lang='lat' dir='ltr'><strong>(Nouveau</strong></span> <span class='ocrx_word' id='word_1_131' title='bbox 3845 2335 4058 2419; x_wconf 79' lang='lat' dir='ltr'><strong>projci</strong></span> <span class='ocrx_word' id='word_1_132' title='bbox 4095 2332 4184 2400; x_wconf 81' lang='lat' dir='ltr'><strong>de</strong></span> <span class='ocrx_word' id='word_1_133' title='bbox 4221 2333 4320 2400; x_wconf 71' lang='lat' dir='ltr'><strong>lei&gt;</strong></span> 
     </span>
     <span class='ocr_line' id='line_1_16' title="bbox 925 2458 4302 2551; baseline 0.001 -28"><span class='ocrx_word' id='word_1_134' title='bbox 925 2476 1046 2524; x_wconf 87' lang='lat' dir='ltr'><strong>sur</strong></span> <span class='ocrx_word' id='word_1_135' title='bbox 1086 2460 1153 2524; x_wconf 92' lang='lat' dir='ltr'><strong>le</strong></span> <span class='ocrx_word' id='word_1_136' title='bbox 1195 2458 1365 2526; x_wconf 88' lang='lat' dir='ltr'><strong>duel.</strong></span> <span class='ocrx_word' id='word_1_137' title='bbox 1441 2460 1638 2525; x_wconf 85' lang='lat' dir='ltr'><strong>Paris</strong></span> <span class='ocrx_word' id='word_1_138' title='bbox 1678 2461 1855 2526; x_wconf 76' lang='lat'><strong>1883.</strong></span> <span class='ocrx_word' id='word_1_139' title='bbox 1907 2482 1971 2548; x_wconf 90' lang='lat' dir='ltr'><strong>p.</strong></span> <span class='ocrx_word' id='word_1_140' title='bbox 2013 2462 2148 2542; x_wconf 77' lang='lat'>15.)</span> <span class='ocrx_word' id='word_1_141' title='bbox 2222 2464 2464 2550; x_wconf 82' lang='lat' dir='ltr'><strong>optimo</strong></span> <span class='ocrx_word' id='word_1_142' title='bbox 2508 2467 2703 2551; x_wconf 75' lang='lat' dir='ltr'><strong>Jure,</strong></span> <span class='ocrx_word' id='word_1_143' title='bbox 2764 2463 3051 2530; x_wconf 81' lang='lat' dir='ltr'><strong>duellum</strong></span> <span class='ocrx_word' id='word_1_144' title='bbox 3104 2460 3256 2528; x_wconf 80' lang='lat' dir='ltr'><strong>ideo</strong></span> <span class='ocrx_word' id='word_1_145' title='bbox 3316 2476 3574 2548; x_wconf 86' lang='lat' dir='ltr'><strong>quoque</strong></span> <span class='ocrx_word' id='word_1_146' title='bbox 3625 2477 3790 2527; x_wconf 87' lang='lat' dir='ltr'><strong>csse</strong></span> <span class='ocrx_word' id='word_1_147' title='bbox 3825 2460 4302 2547; x_wconf 75' lang='lat' dir='ltr'><strong>reprobandum</strong></span> 
     </span>
     <span class='ocr_line' id='line_1_17' title="bbox 929 2585 4309 2680; baseline -0 -26"><span class='ocrx_word' id='word_1_148' title='bbox 929 2586 1608 2673; x_wconf 63' lang='lat' dir='ltr'><strong>contemnendumque</strong></span> <span class='ocrx_word' id='word_1_149' title='bbox 1651 2585 1845 2674; x_wconf 84' lang='lat' dir='ltr'><strong>dicit,</strong></span> <span class='ocrx_word' id='word_1_150' title='bbox 1885 2587 2058 2674; x_wconf 79' lang='lat' dir='ltr'><strong>quod</strong></span> <span class='ocrx_word' id='word_1_151' title='bbox 2099 2590 2368 2657; x_wconf 80' lang='lat' dir='ltr'><strong>honoris</strong></span> <span class='ocrx_word' id='word_1_152' title='bbox 2409 2596 2691 2659; x_wconf 79' lang='lat' dir='ltr'><strong>naturae</strong></span> <span class='ocrx_word' id='word_1_153' title='bbox 2726 2594 3176 2680; x_wconf 76' lang='lat' dir='ltr'><strong>repugnaret,</strong></span> <span class='ocrx_word' id='word_1_154' title='bbox 3215 2593 3290 2656; x_wconf 83' lang='lat' dir='ltr'><strong>nt</strong></span> <span class='ocrx_word' id='word_1_155' title='bbox 3325 2589 3432 2656; x_wconf 86' lang='lat' dir='ltr'><strong>vir</strong></span> <span class='ocrx_word' id='word_1_156' title='bbox 3466 2603 3789 2654; x_wconf 79' lang='lat' dir='ltr'><strong>armornm</strong></span> <span class='ocrx_word' id='word_1_157' title='bbox 3828 2587 4309 2654; x_wconf 71' lang='lat' dir='ltr'><strong>tractmdorum</strong></span> 
     </span>
     <span class='ocr_line' id='line_1_18' title="bbox 921 2715 4309 2808; baseline 0.001 -27"><span class='ocrx_word' id='word_1_158' title='bbox 921 2715 1121 2804; x_wconf 87' lang='lat' dir='ltr'><strong>plane</strong></span> <span class='ocrx_word' id='word_1_159' title='bbox 1162 2716 1501 2803; x_wconf 87' lang='lat' dir='ltr'><strong>imperitus</strong></span> <span class='ocrx_word' id='word_1_160' title='bbox 1541 2717 2082 2803; x_wconf 77' lang='lat' dir='ltr'><strong>provocationem</strong></span> <span class='ocrx_word' id='word_1_161' title='bbox 2121 2718 2325 2784; x_wconf 75' lang='lat' dir='ltr'><strong>multo</strong></span> <span class='ocrx_word' id='word_1_162' title='bbox 2383 2722 2613 2808; x_wconf 74' lang='lat' dir='ltr'><strong>magis</strong></span> <span class='ocrx_word' id='word_1_163' title='bbox 2654 2721 2912 2788; x_wconf 85' lang='lat' dir='ltr'><strong>versati</strong></span> <span class='ocrx_word' id='word_1_164' title='bbox 2953 2720 3024 2784; x_wconf 89' lang='lat' dir='ltr'><strong>in</strong></span> <span class='ocrx_word' id='word_1_165' title='bbox 3063 2721 3212 2784; x_wconf 87' lang='lat' dir='ltr'><strong>arte</strong></span> <span class='ocrx_word' id='word_1_166' title='bbox 3248 2717 3525 2784; x_wconf 73' lang='lat' dir='ltr'><strong>rudibus</strong></span> <span class='ocrx_word' id='word_1_167' title='bbox 3572 2715 3879 2781; x_wconf 74' lang='lat' dir='ltr'><strong>batnendi</strong></span> <span class='ocrx_word' id='word_1_168' title='bbox 3918 2716 4309 2803; x_wconf 80' lang='lat' dir='ltr'><strong>susciperet-</strong></span> 
     </span>
     <span class='ocr_line' id='line_1_19' title="bbox 921 2843 4310 2932; baseline -0 -21"><span class='ocrx_word' id='word_1_169' title='bbox 921 2844 1244 2911; x_wconf 76' lang='lat' dir='ltr'><strong>Fortasse</strong></span> <span class='ocrx_word' id='word_1_170' title='bbox 1284 2843 1603 2910; x_wconf 84' lang='lat' dir='ltr'><strong>lectorem</strong></span> <span class='ocrx_word' id='word_1_171' title='bbox 1642 2844 2041 2908; x_wconf 82' lang='lat' dir='ltr'><strong>benevolum</strong></span> <span class='ocrx_word' id='word_1_172' title='bbox 2062 2887 2083 2921; x_wconf 87' lang='lat'><strong>,</strong></span> <span class='ocrx_word' id='word_1_173' title='bbox 2127 2844 2284 2925; x_wconf 87' lang='lat' dir='ltr'><strong>quid</strong></span> <span class='ocrx_word' id='word_1_174' title='bbox 2310 2845 2782 2918; x_wconf 68' lang='lat' dir='ltr'><strong>Mos-rusomw</strong></span> <span class='ocrx_word' id='word_1_175' title='bbox 2820 2847 3273 2932; x_wconf 79' lang='lat' dir='ltr'><strong>amplissimus</strong></span> <span class='ocrx_word' id='word_1_176' title='bbox 3311 2844 3401 2910; x_wconf 88' lang='lat' dir='ltr'><strong>de</strong></span> <span class='ocrx_word' id='word_1_177' title='bbox 3438 2844 3902 2912; x_wconf 77' lang='lat' dir='ltr'><strong>certaminibus</strong></span> <span class='ocrx_word' id='word_1_178' title='bbox 3941 2844 4310 2931; x_wconf 73' lang='lat' dir='ltr'><strong>singulari-¹</strong></span> 
     </span>
     <span class='ocr_line' id='line_1_20' title="bbox 925 2963 4304 3060; baseline -0 -20"><span class='ocrx_word' id='word_1_179' title='bbox 925 2973 1048 3040; x_wconf 83' lang='lat' dir='ltr'><strong>bus</strong></span> <span class='ocrx_word' id='word_1_180' title='bbox 1089 2968 1421 3048; x_wconf 86' lang='lat' dir='ltr'><strong>senserit,</strong></span> <span class='ocrx_word' id='word_1_181' title='bbox 1482 2967 1673 3050; x_wconf 76' lang='lat' dir='ltr'><strong>quus</strong></span> <span class='ocrx_word' id='word_1_182' title='bbox 1716 2966 1929 3031; x_wconf 80' lang='lat' dir='ltr'><strong>verba</strong></span> <span class='ocrx_word' id='word_1_183' title='bbox 1977 2963 2182 3032; x_wconf 83' lang='lat' dir='ltr'><strong>duelli</strong></span> <span class='ocrx_word' id='word_1_184' title='bbox 2249 2987 2442 3035; x_wconf 88' lang='lat' dir='ltr'><strong>usum</strong></span> <span class='ocrx_word' id='word_1_185' title='bbox 2507 2973 2881 3057; x_wconf 84' lang='lat' dir='ltr'><strong>spectantia</strong></span> <span class='ocrx_word' id='word_1_186' title='bbox 2931 2972 3251 3039; x_wconf 85' lang='lat' dir='ltr'><strong>allaturus</strong></span> <span class='ocrx_word' id='word_1_187' title='bbox 3312 2992 3497 3056; x_wconf 85' lang='lat' dir='ltr'><strong>snm,</strong></span> <span class='ocrx_word' id='word_1_188' title='bbox 3563 2988 3978 3060; x_wconf 74' lang='lat' dir='ltr'><strong>cognoscere</strong></span> <span class='ocrx_word' id='word_1_189' title='bbox 4023 2971 4304 3058; x_wconf 78' lang='lat' dir='ltr'><strong>juvabit.</strong></span> 
     </span>
     <span class='ocr_line' id='line_1_21' title="bbox 922 3095 4298 3188; baseline 0 -22"><span class='ocrx_word' id='word_1_190' title='bbox 922 3098 1140 3166; x_wconf 72' lang='lat' dir='ltr'><strong>Entre</strong></span> <span class='ocrx_word' id='word_1_191' title='bbox 1200 3098 1307 3162; x_wconf 88' lang='lat' dir='ltr'><strong>les</strong></span> <span class='ocrx_word' id='word_1_192' title='bbox 1371 3095 1712 3179; x_wconf 84' lang='lat' dir='ltr'><strong>citoyens,</strong></span> <span class='ocrx_word' id='word_1_193' title='bbox 1781 3095 2258 3162; x_wconf 83' lang='lat' dir='ltr'><strong>celeberrimus</strong></span> <span class='ocrx_word' id='word_1_194' title='bbox 2307 3098 2422 3165; x_wconf 86' lang='lat' dir='ltr'><strong>ille</strong></span> <span class='ocrx_word' id='word_1_195' title='bbox 2473 3101 2759 3188; x_wconf 75' lang='lat' dir='ltr'><strong>scriptor</strong></span> <span class='ocrx_word' id='word_1_196' title='bbox 2810 3101 3005 3185; x_wconf 86' lang='lat' dir='ltr'><strong>dicit,</strong></span> <span class='ocrx_word' id='word_1_197' title='bbox 3075 3102 3144 3168; x_wconf 93' lang='lat' dir='ltr'><strong>le</strong></span> <span class='ocrx_word' id='word_1_198' title='bbox 3186 3101 3360 3170; x_wconf 86' lang='lat' dir='ltr'><strong>droit</strong></span> <span class='ocrx_word' id='word_1_199' title='bbox 3399 3101 3487 3169; x_wconf 92' lang='lat' dir='ltr'><strong>de</strong></span> <span class='ocrx_word' id='word_1_200' title='bbox 3530 3102 3597 3169; x_wconf 83' lang='lat' dir='ltr'><strong>la</strong></span> <span class='ocrx_word' id='word_1_201' title='bbox 3655 3101 3939 3170; x_wconf 75' lang='lat' dir='ltr'><strong>defense</strong></span> <span class='ocrx_word' id='word_1_202' title='bbox 3975 3101 4298 3169; x_wconf 82' lang='lat' dir='ltr'><strong>natnrcfle</strong></span> 
     </span>
     <span class='ocr_line' id='line_1_22' title="bbox 925 3222 4302 3318; baseline 0 -24"><span class='ocrx_word' id='word_1_203' title='bbox 925 3227 1282 3314; x_wconf 85' lang='lat' dir='ltr'><strong>a&#39;emporte</strong></span> <span class='ocrx_word' id='word_1_204' title='bbox 1341 3242 1468 3311; x_wconf 86' lang='lat' dir='ltr'><strong>pas</strong></span> <span class='ocrx_word' id='word_1_205' title='bbox 1524 3241 1699 3291; x_wconf 87' lang='lat' dir='ltr'><strong>avec</strong></span> <span class='ocrx_word' id='word_1_206' title='bbox 1761 3225 1853 3290; x_wconf 87' lang='lat' dir='ltr'><strong>lui</strong></span> <span class='ocrx_word' id='word_1_207' title='bbox 1915 3224 1985 3290; x_wconf 89' lang='lat' dir='ltr'><strong>la</strong></span> <span class='ocrx_word' id='word_1_208' title='bbox 2043 3223 2378 3294; x_wconf 62' lang='lat' dir='ltr'><strong>necessit&amp;</strong></span> <span class='ocrx_word' id='word_1_209' title='bbox 2417 3229 2505 3296; x_wconf 90' lang='lat' dir='ltr'><strong>dc</strong></span> <span class='ocrx_word' id='word_1_210' title='bbox 2543 3230 2876 3317; x_wconf 79' lang='lat' dir='ltr'><strong>l’attaque.</strong></span> <span class='ocrx_word' id='word_1_211' title='bbox 2961 3233 3072 3299; x_wconf 82' lang='lat' dir='ltr'><strong>An</strong></span> <span class='ocrx_word' id='word_1_212' title='bbox 3121 3232 3257 3298; x_wconf 88' lang='lat' dir='ltr'><strong>lieu</strong></span> <span class='ocrx_word' id='word_1_213' title='bbox 3310 3231 3714 3318; x_wconf 76' lang='lat' dir='ltr'><strong>d’attaquer3</strong></span> <span class='ocrx_word' id='word_1_214' title='bbox 3789 3232 3878 3297; x_wconf 84' lang='lat' dir='ltr'><strong>ils</strong></span> <span class='ocrx_word' id='word_1_215' title='bbox 3932 3229 4107 3297; x_wconf 82' lang='lat' dir='ltr'><strong>n’ont</strong></span> <span class='ocrx_word' id='word_1_216' title='bbox 4157 3222 4302 3314; x_wconf 67' lang='lat' dir='ltr'><strong>qu’a</strong></span> 
     </span>
     <span class='ocr_line' id='line_1_23' title="bbox 919 3355 4308 3447; baseline 0 -23"><span class='ocrx_word' id='word_1_217' title='bbox 919 3355 1217 3424; x_wconf 88' lang='lat' dir='ltr'><strong>rccourir</strong></span> <span class='ocrx_word' id='word_1_218' title='bbox 1253 3372 1386 3421; x_wconf 84' lang='lat' dir='ltr'><strong>aux</strong></span> <span class='ocrx_word' id='word_1_219' title='bbox 1425 3356 1799 3421; x_wconf 83' lang='lat' dir='ltr'><strong>tribunaux.</strong></span> <span class='ocrx_word' id='word_1_220' title='bbox 1874 3355 1972 3421; x_wconf 85' lang='lat' dir='ltr'><strong>Iis</strong></span> <span class='ocrx_word' id='word_1_221' title='bbox 2012 3372 2100 3422; x_wconf 90' lang='lat' dir='ltr'><strong>ne</strong></span> <span class='ocrx_word' id='word_1_222' title='bbox 2140 3361 2436 3442; x_wconf 82' lang='lat' dir='ltr'><strong>penvent</strong></span> <span class='ocrx_word' id='word_1_223' title='bbox 2476 3357 2649 3425; x_wconf 86' lang='lat' dir='ltr'><strong>donc</strong></span> <span class='ocrx_word' id='word_1_224' title='bbox 2689 3374 2970 3427; x_wconf 70' lang='lat' dir='ltr'><strong>exercet·</strong></span> <span class='ocrx_word' id='word_1_225' title='bbox 3009 3358 3076 3424; x_wconf 89' lang='lat' dir='ltr'><strong>le</strong></span> <span class='ocrx_word' id='word_1_226' title='bbox 3116 3357 3289 3426; x_wconf 92' lang='lat' dir='ltr'><strong>droit</strong></span> <span class='ocrx_word' id='word_1_227' title='bbox 3328 3358 3416 3426; x_wconf 90' lang='lat' dir='ltr'><strong>de</strong></span> <span class='ocrx_word' id='word_1_228' title='bbox 3455 3363 3636 3426; x_wconf 88' lang='lat' dir='ltr'><strong>cette</strong></span> <span class='ocrx_word' id='word_1_229' title='bbox 3668 3357 3947 3426; x_wconf 72' lang='lat' dir='ltr'><strong>defense</strong></span> <span class='ocrx_word' id='word_1_230' title='bbox 3981 3376 4109 3447; x_wconf 91' lang='lat' dir='ltr'><strong>que</strong></span> <span class='ocrx_word' id='word_1_231' title='bbox 4137 3355 4308 3424; x_wconf 83' lang='lat' dir='ltr'><strong>dans</strong></span> 
     </span>
     <span class='ocr_line' id='line_1_24' title="bbox 918 3479 4306 3574; baseline 0 -22"><span class='ocrx_word' id='word_1_232' title='bbox 918 3485 1026 3552; x_wconf 84' lang='lat' dir='ltr'><strong>les</strong></span> <span class='ocrx_word' id='word_1_233' title='bbox 1088 3501 1209 3551; x_wconf 85' lang='lat' dir='ltr'><strong>cas</strong></span> <span class='ocrx_word' id='word_1_234' title='bbox 1257 3482 1713 3551; x_wconf 77' lang='lat' dir='ltr'><strong>momentanea</strong></span> <span class='ocrx_word' id='word_1_235' title='bbox 1770 3479 1857 3548; x_wconf 75' lang='lat' dir='ltr'><strong>ou</strong></span> <span class='ocrx_word' id='word_1_236' title='bbox 1909 3484 2039 3550; x_wconf 86' lang='lat' dir='ltr'><strong>l&#39;on</strong></span> <span class='ocrx_word' id='word_1_237' title='bbox 2101 3486 2313 3551; x_wconf 86' lang='lat' dir='ltr'><strong>serait</strong></span> <span class='ocrx_word' id='word_1_238' title='bbox 2368 3485 2618 3574; x_wconf 83' lang='lat' dir='ltr'><strong>perdo,</strong></span> <span class='ocrx_word' id='word_1_239' title='bbox 2686 3488 2749 3553; x_wconf 92' lang='lat' dir='ltr'><strong>si</strong></span> <span class='ocrx_word' id='word_1_240' title='bbox 2784 3487 2912 3553; x_wconf 88' lang='lat' dir='ltr'><strong>l&#39;on</strong></span> <span class='ocrx_word' id='word_1_241' title='bbox 2951 3486 3278 3553; x_wconf 85' lang='lat' dir='ltr'><strong>attendait</strong></span> <span class='ocrx_word' id='word_1_242' title='bbox 3315 3486 3382 3552; x_wconf 88' lang='lat' dir='ltr'><strong>le</strong></span> <span class='ocrx_word' id='word_1_243' title='bbox 3422 3501 3701 3552; x_wconf 85' lang='lat' dir='ltr'><strong>secours</strong></span> <span class='ocrx_word' id='word_1_244' title='bbox 3742 3485 3866 3554; x_wconf 89' lang='lat' dir='ltr'><strong>des</strong></span> <span class='ocrx_word' id='word_1_245' title='bbox 3906 3487 4056 3553; x_wconf 84' lang='lat' dir='ltr'><strong>lois.</strong></span> <span class='ocrx_word' id='word_1_246' title='bbox 4133 3483 4306 3553; x_wconf 66' lang='lat' dir='ltr'><strong>nais</strong></span> 
     </span>
     <span class='ocr_line' id='line_1_25' title="bbox 918 3608 4304 3697; baseline -0.001 -17"><span class='ocrx_word' id='word_1_247' title='bbox 918 3618 1112 3680; x_wconf 86' lang='lat' dir='ltr'><strong>entre</strong></span> <span class='ocrx_word' id='word_1_248' title='bbox 1156 3613 1262 3678; x_wconf 88' lang='lat' dir='ltr'><strong>les</strong></span> <span class='ocrx_word' id='word_1_249' title='bbox 1305 3610 1598 3680; x_wconf 72' lang='lat' dir='ltr'><strong>societes</strong></span> <span class='ocrx_word' id='word_1_250' title='bbox 1658 3612 1728 3678; x_wconf 89' lang='lat' dir='ltr'><strong>le</strong></span> <span class='ocrx_word' id='word_1_251' title='bbox 1766 3611 1940 3681; x_wconf 86' lang='lat' dir='ltr'><strong>droit</strong></span> <span class='ocrx_word' id='word_1_252' title='bbox 1980 3613 2069 3680; x_wconf 89' lang='lat' dir='ltr'><strong>de</strong></span> <span class='ocrx_word' id='word_1_253' title='bbox 2107 3613 2177 3680; x_wconf 82' lang='lat' dir='ltr'><strong>la</strong></span> <span class='ocrx_word' id='word_1_254' title='bbox 2214 3612 2499 3680; x_wconf 75' lang='lat' dir='ltr'><strong>defense</strong></span> <span class='ocrx_word' id='word_1_255' title='bbox 2555 3614 2883 3680; x_wconf 86' lang='lat' dir='ltr'><strong>naturelle</strong></span> <span class='ocrx_word' id='word_1_256' title='bbox 2922 3612 3228 3679; x_wconf 85' lang='lat' dir='ltr'><strong>eutraiue</strong></span> <span class='ocrx_word' id='word_1_257' title='bbox 3268 3611 3693 3697; x_wconf 82' lang='lat' dir='ltr'><strong>quelquefois</strong></span> <span class='ocrx_word' id='word_1_258' title='bbox 3733 3614 3800 3678; x_wconf 85' lang='lat' dir='ltr'><strong>la</strong></span> <span class='ocrx_word' id='word_1_259' title='bbox 3837 3612 4180 3680; x_wconf 75' lang='lat' dir='ltr'><strong>necessite</strong></span> <span class='ocrx_word' id='word_1_260' title='bbox 4213 3608 4304 3677; x_wconf 86' lang='lat' dir='ltr'><strong>de</strong></span> 
     </span>
     <span class='ocr_line' id='line_1_26' title="bbox 917 3737 4306 3828; baseline -0 -23"><span class='ocrx_word' id='word_1_261' title='bbox 917 3739 1264 3828; x_wconf 68' lang='lat' dir='ltr'><strong>I&#39;attaque,</strong></span> <span class='ocrx_word' id='word_1_262' title='bbox 1304 3741 1638 3827; x_wconf 88' lang='lat' dir='ltr'><strong>lorsqu&#39;un</strong></span> <span class='ocrx_word' id='word_1_263' title='bbox 1677 3742 1918 3827; x_wconf 84' lang='lat' dir='ltr'><strong>peuple</strong></span> <span class='ocrx_word' id='word_1_264' title='bbox 1959 3742 2136 3827; x_wconf 83' lang='lat' dir='ltr'><strong>voit,</strong></span> <span class='ocrx_word' id='word_1_265' title='bbox 2175 3741 2364 3827; x_wconf 88' lang='lat' dir='ltr'><strong>q&#39;une</strong></span> <span class='ocrx_word' id='word_1_266' title='bbox 2406 3742 2559 3827; x_wconf 86' lang='lat' dir='ltr'><strong>plus</strong></span> <span class='ocrx_word' id='word_1_267' title='bbox 2598 3743 2853 3828; x_wconf 78' lang='lat' dir='ltr'><strong>longae</strong></span> <span class='ocrx_word' id='word_1_268' title='bbox 2894 3742 3050 3827; x_wconf 85' lang='lat' dir='ltr'><strong>paix</strong></span> <span class='ocrx_word' id='word_1_269' title='bbox 3094 3757 3179 3806; x_wconf 92' lang='lat' dir='ltr'><strong>en</strong></span> <span class='ocrx_word' id='word_1_270' title='bbox 3220 3737 3508 3804; x_wconf 77' lang='lat' dir='ltr'><strong>mettrait</strong></span> <span class='ocrx_word' id='word_1_271' title='bbox 3545 3754 3632 3801; x_wconf 87' lang='lat' dir='ltr'><strong>un</strong></span> <span class='ocrx_word' id='word_1_272' title='bbox 3673 3743 3864 3802; x_wconf 85' lang='lat' dir='ltr'><strong>autre</strong></span> <span class='ocrx_word' id='word_1_273' title='bbox 3905 3757 3990 3804; x_wconf 84' lang='lat' dir='ltr'><strong>en</strong></span> <span class='ocrx_word' id='word_1_274' title='bbox 4035 3739 4177 3807; x_wconf 76' lang='lat' dir='ltr'><strong>etat</strong></span> <span class='ocrx_word' id='word_1_275' title='bbox 4211 3738 4306 3805; x_wconf 75' lang='lat' dir='ltr'><strong>de</strong></span> 
     </span>
     <span class='ocr_line' id='line_1_27' title="bbox 917 3859 4302 3957; baseline -0 -23"><span class='ocrx_word' id='word_1_276' title='bbox 917 3869 986 3936; x_wconf 88' lang='lat' dir='ltr'><strong>le</strong></span> <span class='ocrx_word' id='word_1_277' title='bbox 1038 3867 1361 3955; x_wconf 77' lang='lat' dir='ltr'><strong>detruire,</strong></span> <span class='ocrx_word' id='word_1_278' title='bbox 1435 3873 1506 3934; x_wconf 87' lang='lat' dir='ltr'><strong>et</strong></span> <span class='ocrx_word' id='word_1_279' title='bbox 1562 3885 1692 3955; x_wconf 89' lang='lat' dir='ltr'><strong>que</strong></span> <span class='ocrx_word' id='word_1_280' title='bbox 1753 3869 2069 3957; x_wconf 86' lang='lat' dir='ltr'><strong>l’attaque</strong></span> <span class='ocrx_word' id='word_1_281' title='bbox 2133 3874 2245 3935; x_wconf 87' lang='lat' dir='ltr'><strong>est</strong></span> <span class='ocrx_word' id='word_1_282' title='bbox 2299 3867 2472 3935; x_wconf 86' lang='lat' dir='ltr'><strong>dans</strong></span> <span class='ocrx_word' id='word_1_283' title='bbox 2530 3886 2611 3936; x_wconf 90' lang='lat' dir='ltr'><strong>ce</strong></span> <span class='ocrx_word' id='word_1_284' title='bbox 2668 3872 2953 3936; x_wconf 89' lang='lat' dir='ltr'><strong>moment</strong></span> <span class='ocrx_word' id='word_1_285' title='bbox 3006 3867 3074 3931; x_wconf 88' lang='lat' dir='ltr'><strong>le</strong></span> <span class='ocrx_word' id='word_1_286' title='bbox 3126 3863 3275 3930; x_wconf 88' lang='lat' dir='ltr'><strong>seul</strong></span> <span class='ocrx_word' id='word_1_287' title='bbox 3339 3877 3579 3942; x_wconf 84' lang='lat' dir='ltr'><strong>moyen</strong></span> <span class='ocrx_word' id='word_1_288' title='bbox 3646 3859 4065 3948; x_wconf 83' lang='lat' dir='ltr'><strong>d’empecher</strong></span> <span class='ocrx_word' id='word_1_289' title='bbox 4089 3888 4096 3895; x_wconf 87' lang='grc'>·</span> <span class='ocrx_word' id='word_1_290' title='bbox 4122 3870 4302 3933; x_wconf 83' lang='lat' dir='ltr'><strong>cette</strong></span> 
     </span>
    </p>
   </div>
   <div class='ocr_carea' id='block_1_6' title="bbox 916 3986 4306 4216">
    <p class='ocr_par' dir='ltr' id='par_1_6' title="bbox 916 3986 4306 4216">
     <span class='ocr_line' id='line_1_28' title="bbox 919 3986 4304 4094; baseline -0.002 -30"><span class='ocrx_word' id='word_1_291' title='bbox 919 3996 1349 4070; x_wconf 71' lang='lat' dir='ltr'><strong>destruction.</strong></span> <span class='ocrx_word' id='word_1_292' title='bbox 1430 4000 1639 4064; x_wconf 85' lang='lat' dir='ltr'><strong>Porro</strong></span> <span class='ocrx_word' id='word_1_293' title='bbox 1678 4015 1722 4065; x_wconf 83' lang='lat' dir='ltr'><strong>a</strong></span> <span class='ocrx_word' id='word_1_294' title='bbox 1758 3999 2003 4064; x_wconf 84' lang='lat' dir='ltr'><strong>multis.</strong></span> <span class='ocrx_word' id='word_1_295' title='bbox 2032 3997 2539 4082; x_wconf 78' lang='lat' dir='ltr'><strong>Jurisconsultis</strong></span> <span class='ocrx_word' id='word_1_296' title='bbox 2581 3996 2667 4062; x_wconf 89' lang='lat' dir='ltr'><strong>ad</strong></span> <span class='ocrx_word' id='word_1_297' title='bbox 2709 3990 3200 4060; x_wconf 80' lang='lat' dir='ltr'><strong>defendendum</strong></span> <span class='ocrx_word' id='word_1_298' title='bbox 3241 3987 3531 4055; x_wconf 87' lang='lat' dir='ltr'><strong>duellum</strong></span> <span class='ocrx_word' id='word_1_299' title='bbox 3570 3987 3639 4053; x_wconf 88' lang='lat' dir='ltr'><strong>in</strong></span> <span class='ocrx_word' id='word_1_300' title='bbox 3678 3989 3963 4094; x_wconf 77' lang='lat' dir='ltr'><strong>medium</strong></span> <span class='ocrx_word' id='word_1_301' title='bbox 4022 3986 4304 4075; x_wconf 81' lang='lat' dir='ltr'><strong>proferri</strong></span> 
     </span>
     <span class='ocr_line' id='line_1_29' title="bbox 916 4115 4306 4216; baseline -0.003 -21"><span class='ocrx_word' id='word_1_302' title='bbox 916 4127 1446 4213; x_wconf 73' lang='lat' dir='ltr'><strong>controversias,</strong></span> <span class='ocrx_word' id='word_1_303' title='bbox 1541 4128 1782 4213; x_wconf 83' lang='lat' dir='ltr'><strong>quibus</strong></span> <span class='ocrx_word' id='word_1_304' title='bbox 1845 4128 2118 4216; x_wconf 87' lang='lat' dir='ltr'><strong>saepius</strong></span> <span class='ocrx_word' id='word_1_305' title='bbox 2171 4122 2557 4192; x_wconf 75' lang='lat' dir='ltr'><strong>amicissimi</strong></span> <span class='ocrx_word' id='word_1_306' title='bbox 2607 4121 2694 4189; x_wconf 78' lang='lat' dir='ltr'><strong>ab</strong></span> <span class='ocrx_word' id='word_1_307' title='bbox 2749 4119 3036 4184; x_wconf 84' lang='lat' dir='ltr'><strong>amicitia</strong></span> <span class='ocrx_word' id='word_1_308' title='bbox 3094 4116 3564 4182; x_wconf 84' lang='lat' dir='ltr'><strong>averterentur</strong></span> <span class='ocrx_word' id='word_1_309' title='bbox 3580 4158 3604 4198; x_wconf 91' lang='lat'><strong>,</strong></span> <span class='ocrx_word' id='word_1_310' title='bbox 3672 4115 3915 4183; x_wconf 87' lang='lat' dir='ltr'><strong>duellis</strong></span> <span class='ocrx_word' id='word_1_311' title='bbox 3979 4117 4306 4186; x_wconf 85' lang='lat' dir='ltr'><strong>confectis</strong></span> 
     </span>
    </p>
   </div>
   <div class='ocr_carea' id='block_1_7' title="bbox 916 4243 4303 4978">
    <p class='ocr_par' dir='ltr' id='par_1_7' title="bbox 916 4243 4303 4978">
     <span class='ocr_line' id='line_1_30' title="bbox 916 4243 4303 4343; baseline -0.003 -22"><span class='ocrx_word' id='word_1_312' title='bbox 916 4254 1171 4341; x_wconf 81' lang='lat' dir='ltr'><strong>dirimi,</strong></span> <span class='ocrx_word' id='word_1_313' title='bbox 1210 4256 1622 4340; x_wconf 81' lang='lat' dir='ltr'><strong>simultates,</strong></span> <span class='ocrx_word' id='word_1_314' title='bbox 1660 4255 1823 4321; x_wconf 81' lang='lat' dir='ltr'><strong>iicet</strong></span> <span class='ocrx_word' id='word_1_315' title='bbox 1862 4272 1984 4343; x_wconf 90' lang='lat' dir='ltr'><strong>per</strong></span> <span class='ocrx_word' id='word_1_316' title='bbox 2026 4252 2495 4338; x_wconf 79' lang='lat' dir='ltr'><strong>longissimum</strong></span> <span class='ocrx_word' id='word_1_317' title='bbox 2523 4256 2784 4334; x_wconf 87' lang='lat' dir='ltr'><strong>tempus</strong></span> <span class='ocrx_word' id='word_1_318' title='bbox 2807 4244 3183 4326; x_wconf 80' lang='lat' dir='ltr'><strong>exercitas,</strong></span> <span class='ocrx_word' id='word_1_319' title='bbox 3221 4243 3292 4308; x_wconf 85' lang='lat' dir='ltr'><strong>in</strong></span> <span class='ocrx_word' id='word_1_320' title='bbox 3317 4244 3701 4327; x_wconf 83' lang='lat' dir='ltr'><strong>perpetuum</strong></span> <span class='ocrx_word' id='word_1_321' title='bbox 3725 4247 4024 4331; x_wconf 82' lang='lat' dir='ltr'><strong>componi</strong></span> <span class='ocrx_word' id='word_1_322' title='bbox 4054 4245 4303 4328; x_wconf 85' lang='lat' dir='ltr'><strong>solere,</strong></span> 
     </span>
     <span class='ocr_line' id='line_1_31' title="bbox 918 4348 4299 4472; baseline -0.003 -26"><span class='ocrx_word' id='word_1_323' title='bbox 918 4398 1108 4449; x_wconf 86' lang='lat' dir='ltr'><strong>nemo</strong></span> <span class='ocrx_word' id='word_1_324' title='bbox 1168 4394 1277 4449; x_wconf 89' lang='lat' dir='ltr'><strong>est</strong></span> <span class='ocrx_word' id='word_1_325' title='bbox 1338 4386 1449 4469; x_wconf 91' lang='lat' dir='ltr'><strong>qui</strong></span> <span class='ocrx_word' id='word_1_326' title='bbox 1496 4348 1801 4456; x_wconf 45' lang='lat' dir='ltr'><strong>nescia(</strong></span> <span class='ocrx_word' id='word_1_327' title='bbox 1862 4381 2009 4451; x_wconf 82' lang='lat' dir='ltr'><strong>Sed</strong></span> <span class='ocrx_word' id='word_1_328' title='bbox 2062 4379 2340 4465; x_wconf 89' lang='lat' dir='ltr'><strong>primum</strong></span> <span class='ocrx_word' id='word_1_329' title='bbox 2399 4392 2632 4472; x_wconf 78' lang='lat' dir='ltr'><strong>ansam</strong></span> <span class='ocrx_word' id='word_1_330' title='bbox 2693 4370 2900 4437; x_wconf 85' lang='lat' dir='ltr'><strong>duelli</strong></span> <span class='ocrx_word' id='word_1_331' title='bbox 2938 4384 3069 4433; x_wconf 80' lang='lat' dir='ltr'><strong>non</strong></span> <span class='ocrx_word' id='word_1_332' title='bbox 3112 4366 3371 4454; x_wconf 85' lang='lat' dir='ltr'><strong>utique,</strong></span> <span class='ocrx_word' id='word_1_333' title='bbox 3433 4368 3563 4436; x_wconf 89' lang='lat' dir='ltr'><strong>imo</strong></span> <span class='ocrx_word' id='word_1_334' title='bbox 3602 4371 3817 4438; x_wconf 83' lang='lat' dir='ltr'><strong>rarius</strong></span> <span class='ocrx_word' id='word_1_335' title='bbox 3857 4374 3926 4440; x_wconf 88' lang='lat' dir='ltr'><strong>iu</strong></span> <span class='ocrx_word' id='word_1_336' title='bbox 3961 4369 4299 4439; x_wconf 77' lang='lat' dir='ltr'><strong>inimicitia</strong></span> 
     </span>
     <span class='ocr_line' id='line_1_32' title="bbox 917 4495 4302 4595; baseline -0.003 -20"><span class='ocrx_word' id='word_1_337' title='bbox 917 4508 1096 4575; x_wconf 83' lang='lat' dir='ltr'><strong>inter</strong></span> <span class='ocrx_word' id='word_1_338' title='bbox 1153 4512 1421 4578; x_wconf 85' lang='lat' dir='ltr'><strong>sodales</strong></span> <span class='ocrx_word' id='word_1_339' title='bbox 1483 4517 1754 4593; x_wconf 83' lang='lat' dir='ltr'><strong>exorta,</strong></span> <span class='ocrx_word' id='word_1_340' title='bbox 1815 4528 1976 4577; x_wconf 85' lang='lat' dir='ltr'><strong>esse</strong></span> <span class='ocrx_word' id='word_1_341' title='bbox 2028 4503 2478 4595; x_wconf 86' lang='lat' dir='ltr'><strong>quaerendam</strong></span> <span class='ocrx_word' id='word_1_342' title='bbox 2540 4499 2824 4567; x_wconf 82' lang='lat' dir='ltr'><strong>maxime</strong></span> <span class='ocrx_word' id='word_1_343' title='bbox 2883 4497 3040 4562; x_wconf 90' lang='lat' dir='ltr'><strong>inde</strong></span> <span class='ocrx_word' id='word_1_344' title='bbox 3102 4500 3329 4582; x_wconf 84' lang='lat' dir='ltr'><strong>patet,</strong></span> <span class='ocrx_word' id='word_1_345' title='bbox 3388 4497 3561 4582; x_wconf 85' lang='lat' dir='ltr'><strong>quod</strong></span> <span class='ocrx_word' id='word_1_346' title='bbox 3606 4501 3986 4569; x_wconf 72' lang='lat' dir='ltr'><strong>amicissimi</strong></span> <span class='ocrx_word' id='word_1_347' title='bbox 4023 4495 4302 4582; x_wconf 74' lang='lat' dir='ltr'><strong>saepius</strong></span> 
     </span>
     <span class='ocr_line' id='line_1_33' title="bbox 920 4623 4298 4720; baseline -0.004 -18"><span class='ocrx_word' id='word_1_348' title='bbox 920 4634 1145 4702; x_wconf 87' lang='lat' dir='ltr'><strong>duello</strong></span> <span class='ocrx_word' id='word_1_349' title='bbox 1183 4639 1590 4706; x_wconf 77' lang='lat' dir='ltr'><strong>contendere</strong></span> <span class='ocrx_word' id='word_1_350' title='bbox 1628 4634 1932 4719; x_wconf 82' lang='lat' dir='ltr'><strong>adeoque</strong></span> <span class='ocrx_word' id='word_1_351' title='bbox 1970 4650 2184 4720; x_wconf 85' lang='lat' dir='ltr'><strong>nsque</strong></span> <span class='ocrx_word' id='word_1_352' title='bbox 2223 4630 2311 4696; x_wconf 89' lang='lat' dir='ltr'><strong>ad</strong></span> <span class='ocrx_word' id='word_1_353' title='bbox 2352 4623 2835 4697; x_wconf 80' lang='lat' dir='ltr'><strong>conserendam</strong></span> <span class='ocrx_word' id='word_1_354' title='bbox 2875 4641 3165 4708; x_wconf 75' lang='lat' dir='ltr'><strong>pugnam</strong></span> <span class='ocrx_word' id='word_1_355' title='bbox 3220 4626 3676 4698; x_wconf 81' lang='lat' dir='ltr'><strong>amantissime</strong></span> <span class='ocrx_word' id='word_1_356' title='bbox 3730 4634 3906 4699; x_wconf 86' lang='lat' dir='ltr'><strong>inter</strong></span> <span class='ocrx_word' id='word_1_357' title='bbox 3941 4642 4022 4692; x_wconf 87' lang='lat' dir='ltr'><strong>se</strong></span> <span class='ocrx_word' id='word_1_358' title='bbox 4059 4624 4298 4705; x_wconf 74' lang='lat' dir='ltr'><strong>vivere</strong></span> 
     </span>
     <span class='ocr_line' id='line_1_34' title="bbox 919 4751 4297 4855; baseline -0.004 -25"><span class='ocrx_word' id='word_1_359' title='bbox 919 4763 1164 4830; x_wconf 87' lang='lat' dir='ltr'><strong>solent.</strong></span> <span class='ocrx_word' id='word_1_360' title='bbox 1245 4764 1412 4829; x_wconf 84' lang='lat' dir='ltr'><strong>Tum</strong></span> <span class='ocrx_word' id='word_1_361' title='bbox 1449 4783 1616 4855; x_wconf 84' lang='lat' dir='ltr'><strong>vero</strong></span> <span class='ocrx_word' id='word_1_362' title='bbox 1655 4776 1851 4829; x_wconf 87' lang='lat' dir='ltr'><strong>nemo</strong></span> <span class='ocrx_word' id='word_1_363' title='bbox 1892 4760 1960 4824; x_wconf 87' lang='lat' dir='ltr'><strong>in</strong></span> <span class='ocrx_word' id='word_1_364' title='bbox 2000 4753 2819 4837; x_wconf 77' lang='lat' dir='ltr'><strong>dubitationemveeahit,</strong></span> <span class='ocrx_word' id='word_1_365' title='bbox 2876 4751 3025 4837; x_wconf 73' lang='lat' dir='ltr'><strong>quin</strong></span> <span class='ocrx_word' id='word_1_366' title='bbox 3066 4754 3445 4822; x_wconf 77' lang='lat' dir='ltr'><strong>inimicitiae</strong></span> <span class='ocrx_word' id='word_1_367' title='bbox 3479 4758 3982 4841; x_wconf 60' lang='lat' dir='ltr'><strong>simulatosque</strong></span> <span class='ocrx_word' id='word_1_368' title='bbox 4021 4752 4297 4820; x_wconf 78' lang='lat' dir='ltr'><strong>duom</strong></span> 
     </span>
     <span class='ocr_line' id='line_1_35' title="bbox 917 4878 4298 4978; baseline -0.003 -21"><span class='ocrx_word' id='word_1_369' title='bbox 917 4889 1455 4960; x_wconf 87' lang='lat' dir='ltr'><strong>adversariorum</strong></span> <span class='ocrx_word' id='word_1_370' title='bbox 1494 4893 1722 4978; x_wconf 74' lang='lat' dir='ltr'><strong>gratia</strong></span> <span class='ocrx_word' id='word_1_371' title='bbox 1761 4882 2186 4952; x_wconf 85' lang='lat' dir='ltr'><strong>reconciliata</strong></span> <span class='ocrx_word' id='word_1_372' title='bbox 2221 4887 2639 4967; x_wconf 82' lang='lat' dir='ltr'><strong>prosperiore</strong></span> <span class='ocrx_word' id='word_1_373' title='bbox 2689 4896 2839 4946; x_wconf 83' lang='lat' dir='ltr'><strong>eum</strong></span> <span class='ocrx_word' id='word_1_374' title='bbox 2878 4897 3202 4951; x_wconf 86' lang='lat' dir='ltr'><strong>successu</strong></span> <span class='ocrx_word' id='word_1_375' title='bbox 3241 4882 3625 4955; x_wconf 84' lang='lat' dir='ltr'><strong>dirimantur</strong></span> <span class='ocrx_word' id='word_1_376' title='bbox 3643 4928 3666 4973; x_wconf 90' lang='lat'><strong>,</strong></span> <span class='ocrx_word' id='word_1_377' title='bbox 3712 4900 3907 4972; x_wconf 85' lang='lat' dir='ltr'><strong>quam</strong></span> <span class='ocrx_word' id='word_1_378' title='bbox 3941 4878 4168 4951; x_wconf 83' lang='lat' dir='ltr'><strong>duello</strong></span> <span class='ocrx_word' id='word_1_379' title='bbox 4207 4878 4298 4947; x_wconf 74' lang='lat' dir='ltr'><strong>ab</strong></span> 
     </span>
    </p>
   </div>
  </div>
 </body>
</html>
