4782 6002
921 31 1127 105 16,

916 245 1170 318 tamen,
1208 237 1282 296 ut
1311 227 1615 320 priorem
1650 221 2050 292 sententiam
2091 220 2314 313 magis
2341 219 2638 311 probet;
2687 219 2887 288 addit
2919 222 3138 291 enim:
3172 221 3277 305 „si
3305 221 3643 293 divisores
3675 223 3987 295 criminis
4011 245 4241 300 nomen

926 369 1186 445 essent,
1236 348 1537 426 nonsibi
1582 373 1789 422 unum
1838 355 1926 421 'ex
1967 349 2079 420 his
2127 371 2364 419 carum
2416 366 2562 425 esse
2620 346 2904 418 dixisset
2940 347 3245 420 Cicero”.
3322 351 3606 444 Quippe
3659 366 4025 444 sequuntur
4068 360 4248 449 apud

929 481 1333 561 Ciceronem
1350 486 1554 554 haec:
1586 505 1723 566 „ex
1746 483 1996 572 quibus
2013 482 2319 570 quidam,
2345 478 2560 567 quise
2576 480 2807 548 omnia
2834 480 2983 548 mea
3002 501 3200 551 causa
3225 480 3457 550 facere
3494 482 3755 552 debere
3778 475 4247 576 arbitrabatur,

929 622 1017 689 ad
1061 640 1170 685 me
1210 610 1477 694 venit”;
1527 635 1702 702 quae
1741 623 1966 680 tamen
2007 634 2090 679 ne
2125 611 2479 679 minimum
2523 610 2805 699 quidem
2840 612 3138 719 probare
3163 613 3335 681 mihi
3362 613 3702 683 videntur.
3750 617 3927 685 Nam
3952 619 4247 708 primum

929 751 1179 820 Cicero
1228 769 1359 815 non
1401 745 1576 814 dicit
1618 764 1851 812 carum
1886 744 2024 813 sibi
2071 743 2274 811 istum
2306 741 2679 811 divisorem
2712 743 2959 829 fuisse,
3004 742 3130 813 sed
3165 750 3421 811 tantum
3459 744 3562 811 sui
3611 745 4013 815 studiosum.
4072 749 4249 817 Tum

930 900 1093 948 vero
1146 877 1283 945 hoc
1339 874 1862 966 recogitandum
1921 882 2056 958 est,
2106 871 2293 960 quod
2336 894 2421 939 ex
2460 872 2703 957 Quinti
2741 880 3013 962 quoque
3041 871 3395 942 Ciceronis
3435 871 3944 947 Commentario
3978 877 4115 968 (V.
4165 875 4251 969 5)

929 1017 1254 1100 apparet,
1303 1005 1582 1098 optimis
1619 1027 1895 1094 quoque
1945 1012 2015 1072 et
2061 1002 2527 1094 integerrimis
2560 1003 2763 1091 viris,
2815 1004 3017 1072 etiam
3072 1003 3129 1070 si
3167 1011 3435 1072 omnem
3469 996 3907 1097 largitionem
3963 1009 4251 1078 maxime
4343 1092 4352 1100 .

934 1147 1370 1230 respuerent,
1422 1145 1650 1203 tamen
1699 1132 2248 1204 benevolentiam
2299 1132 2642 1220 quandam
2679 1155 2851 1224 erga
2897 1132 3235 1225 gratiosos
3273 1133 3430 1203 illos
3462 1132 3776 1203 homines
3805 1135 4254 1208 simulandam

934 1270 1146 1340 fuisse
1167 1320 1187 1356 ,
1239 1270 1356 1357 qui
1394 1277 1656 1337 tantum
1697 1266 1882 1359 apud
1933 1264 2215 1358 plebem
2269 1264 2594 1350 valerent·
2627 1261 2912 1354 ejusque
2965 1263 3259 1349 animos,
3310 1285 3449 1350 quo
3496 1262 3838 1351 libuisset,
3865 1264 4251 1367 flecterent.

938 1400 1175 1471 Unum
1213 1398 1387 1466 illud
1420 1420 1506 1465 ex
1538 1399 1709 1465 locis
1758 1396 2048 1464 laudatis
2091 1395 2333 1485 colligi
2367 1393 2633 1484 potest,
2681 1414 2918 1463 omnes
2952 1392 3171 1462 tribus
3202 1412 3357 1461 suos
3395 1415 3734 1483 quamque
3778 1395 4100 1464 habuisse
4150 1396 4251 1464 di-

934 1532 1233 1612 visores3
1284 1529 1632 1621 legitimos
1663 1537 1733 1596 et
1766 1527 2155 1596 ordinarios
2175 1575 2196 1612 ,
2246 1547 2382 1592 non
2414 1534 2680 1614 potest3
2734 1545 2952 1612 neque
2983 1542 3180 1592 secus
3209 1523 3723 1592 consuetudinis
3756 1525 4111 1616 cujusdam
4151 1527 4257 1595 vel

936 1662 1189 1730 abusus
1232 1658 1707 1728 observatione
1749 1657 1817 1725 in
1863 1679 2166 1725 errorem
2218 1653 2505 1723 abducti
2550 1675 2698 1724 esse
2741 1654 3056 1723 videntur
3092 1653 3224 1722 viri
3276 1652 3502 1741 docti,
3552 1646 3753 1744 quam
3814 1678 4028 1746 quum
4097 1658 4256 1724 olim

938 1793 1013 1858 in
1044 1761 1566 1856 Atheniensium
1619 1783 1976 1875 republica
2008 1793 2234 1852 certos
2276 1783 2609 1872 quosdam
2641 1794 2944 1853 oratores
2968 1783 3210 1853 annuis
3237 1781 3585 1877 suffragiis
3619 1793 3884 1854 creatos
3926 1807 4074 1855 esse
4108 1788 4258 1877 opi·

942 1920 1056 1988 nio
1122 1915 1536 1984 invaluisset.
1618 1912 2019 2001 Quanquam
2080 1923 2309 2005 patet,
2361 1936 2573 2005 quum
2630 1924 2731 1984 tot
2781 1924 3008 1985 essent
3059 1915 3277 1983 tribus
3326 1923 3530 2004 atque
3569 1915 3913 2007 centuriae
3947 1925 4264 2006 tantaque

941 2043 1169 2135 plebis
1223 2045 1578 2114 Romanae
1625 2043 2038 2130 multitudo,
2090 2042 2276 2114 nulla
2319 2043 2458 2114 alia
2491 2046 2879 2137 largitionis
2916 2045 3213 2131 ratione,
3263 2046 3378 2133 qui
3412 2043 3774 2112 conciliare
3816 2044 3953 2111 sibi
4004 2045 4264 2114 civium

942 2175 1200 2243 animos
1231 2173 1490 2242 vellent
1507 2221 1529 2259 ,
1577 2171 1961 2263 procedere
1989 2174 2294 2263 potuisse
2311 2221 2332 2259 ,
2385 2173 2516 2241 nisi
2538 2182 2628 2240 ·ut
2658 2195 2745 2241 ex
2774 2169 3184 2263 unaquaque
3210 2174 3394 2268 tribu
3438 2194 3556 2241 eos
3600 2171 3744 2240 sibi
3787 2168 4126 2265 eligerent
4170 2175 4262 2243 ad

944 2301 1433 2394 corrumpendi
1470 2323 1553 2372 ac
1587 2302 1950 2372 dividendi
1989 2305 2344 2397 negotium
2381 2305 2930 2396 suscipiendum,
2980 2304 3099 2393 qui
3135 2301 3465 2373 notissimi
3510 2301 3883 2386 tribulibus
3929 2313 4155 2373 essent
4203 2313 4265 2373 et

945 2437 1400 2527 plurimorum
1431 2434 1930 2503 consuetudine
1966 2444 2034 2503 et
2065 2434 2367 2505 amicitia
2396 2436 2795 2504 fruerentur.
2866 2437 3302 2529 singularum
3328 2435 3510 2505 enim
3542 2433 3840 2503 tribuum
3864 2435 4049 2503 cives
4071 2434 4265 2503 fami·

947 2569 1261 2637 liaritatis
1301 2568 1602 2657 quodam
1650 2569 1924 2637 vinculo
1969 2567 2146 2636 inter
2196 2589 2273 2636 se
2323 2566 2678 2660 conjuncti
2718 2577 2951 2654 erant,
3003 2575 3072 2636 et
3111 2587 3239 2656 per
3274 2587 3433 2635 suos
3475 2565 3767 2633 maxime
3825 2564 4112 2635 tribules
4149 2588 4266 2634 vo·

951 2699 1245 2766 luntates
1270 2717 1422 2763 suas
1457 2696 1675 2787 dirigi
1716 2695 2170 2785 patiebantur.
2221 2696 2670 2768 Unde'etiam
2699 2696 2907 2787 jocus
2939 2699 3058 2767 ille
3087 2696 3534 2788 explicandus
3560 2706 3663 2766 est
3688 2695 4038 2767 Ciceronis
4052 2672 4264 2786 Epist.

953 2826 1046 2894 ad
1079 2826 1217 2894 Att.
1259 2825 1310 2891 1.
1351 2823 1461 2892 18.
1495 2822 1581 2892 6:
1634 2825 1821 2908 „Em
1862 2834 2090 2911 antem
2125 2824 2201 2895 C.
2234 2827 2627 2897 Herennius
2664 2830 2943 2919 quidam
2982 2828 3288 2898 tribunus
3320 2828 3589 2919 plebis3
3636 2850 3847 2916 quem
3878 2838 3952 2896 tu
3987 2826 4266 2895 fortasse

954 2977 1042 3023 ne
1072 2953 1245 3022 nosti
1276 2952 1599 3042 quidem3
1648 2957 1916 3025 tametsi
1953 2964 2153 3048 potes
2192 2977 2425 3038 nosse;
2476 2957 2750 3026 tribulis
2784 2954 2965 3026 enim
2998 2967 3148 3027 tuus
3184 2935 3396 3026 estet
3437 2956 3683 3028 Sextus
3720 2967 3917 3051 pater
3957 2957 4107 3050 ejus
4149 2975 4271 3025 nu·

956 3106 1104 3153 mos
1136 3083 1332 3152 vobis
1364 3084 1685 3155 dividere
1717 3086 1983 3154 solebat
1999 3082 2057 3172 ”,
2098 3108 2235 3176 quo
2265 3108 2353 3155 ex
2378 3086 2537 3154 loco
2565 3063 2904 3156 ridiculus
2938 3088 3151 3174 foret,
3184 3089 3242 3157 si
3275 3088 3431 3176 quis
3457 3087 3678 3178 ipsum
3708 3089 4007 3157 Atticum
4033 3105 4272 3154 numos

957 3216 1304 3306 accepisse
1347 3216 1758 3306 colligeret3
1812 3214 2182 3298 diyisorem
2221 3228 2488 3288 tantum
2524 3215 2879 3307 videmus,
2930 3221 3050 3310 qui
3087 3221 3223 3289 hoc
3263 3221 3331 3288 iu
3368 3240 3447 3289 se
3483 3217 3830 3314 negotium
3856 3227 4273 3314 susceperat,

958 3359 1069 3432 ut,
1119 3350 1402 3436 accepta
1432 3370 1473 3416 a
1514 3348 1899 3420 candidatis
1938 3373 2311 3443 eorumque
2349 3356 2589 3424 amicis
2626 3354 2949 3446 paeonis,
2979 3350 3345 3419 tribulibus
3383 3370 3565 3433 eam,
3598 3348 3657 3414 ΘῘ
3690 3344 3807 3433 qui
3838 3343 4142 3432 vellem,
4177 3345 4276 3413 ad

960 3474 1390 3547 concilianda
1421 3477 1802 3546 candidatis
1837 3503 2073 3550 eorum
2116 3482 2447 3576 suffragia
2485 3484 2847 3554 divideret.
2895 3483 3292 3570 Quanquam
3335 3489 3467 3547 tam
3502 3477 3640 3544 late
3671 3473 3851 3544 haec
3885 3475 4278 3567 accipiendi

963 3606 1208 3674 lubido
1243 3606 1522 3696 patebat
1575 3615 1847 3696 tamque
1886 3612 2205 3681 continuo
2242 3635 2364 3682 usu
2403 3615 3073 3683 inconsuetudinem
3115 3619 3182 3679 et
3219 3620 3460 3681 statam
3499 3606 3837 3697 quandam
3888 3604 4274 3698 largitionis

966 3733 1453 3807 certitudinem
1484 3736 1749 3806 abierat
1772 3790 1791 3826 ,
1844 3748 1916 3806 ut
1964 3762 2097 3809 non
2135 3743 2383 3835 singuli
2424 3754 2539 3812 aut
2573 3745 2778 3836 pauci
2804 3744 2872 3811 in
2910 3742 3200 3835 singulis
3224 3739 3583 3825 tribubus,
3631 3738 3755 3806 sed
3786 3737 4017 3828 plures
4062 3735 4275 3802 adeo-

966 3890 1101 3956 que
1133 3868 1332 3934 multi
1362 3864 1697 3939 divisores
1731 3880 1975 3957 essent,
2000 3881 2085 3939 ·ut
2115 3873 2485 3961 aliquando
2507 3875 2728 3965 ipsum
2746 3875 3132 3960 Consulem,
3158 3872 3273 3962 qui
3297 3872 3532 3961 -legem
3571 3868 3660 3938 de
3695 3864 3950 3936 ambitu
3984 3864 4277 3951 ferebat,

965 4007 1256 4085 propter
1285 3998 1792 4069 multitudinem
1827 4002 2232 4091 divisorum,
2281 4005 2396 4093 qui
2442 4028 2570 4095 per
2614 4006 2751 4074 vim
2794 4002 3332 4074 adversabantur
3359 4047 3378 4085 ,
3426 3999 3579 4066 foro
3625 3997 3912 4089 ejectum
3950 4012 4098 4062 esse
4141 3993 4283 4062 As·

944 4110 1207 4188 ‘conius
1248 4123 1582 4194 Pedianus
1630 4141 1857 4198 narret
1900 4132 2046 4223 (ad
2086 4129 2279 4200 Orat.
2321 4156 2453 4224 pro
2495 4132 2768 4203 Cornel.
2803 4135 2889 4203 T.
2916 4133 3125 4214 XVI,
3174 4130 3252 4198 P.
3283 4128 3371 4213 2,
3420 4149 3489 4218 p.
3524 4125 3673 4196 20⁰
3721 4125 3883 4194 edit.
3929 4123 4276 4211 Schiitzh

962 4249 1336 4339 ipsumque
1380 4256 1734 4356 negotium
1764 4260 1833 4326 in
1857 4270 2262 4362 perpetuum
2300 4273 2655 4353 quaestum
2689 4286 2957 4334 versum
2994 4271 3174 4348 erat,
3206 4260 3323 4330 cui
3357 4282 3486 4351 per
3516 4267 3723 4326 totam
3758 4257 3968 4324 vitam
4000 4262 4278 4344 operam

965 4391 1163 4439 suam
1199 4394 1282 4440 ac
1309 4376 1491 4443 vires
1523 4378 2003 4469 impenderent
2038 4400 2107 4458 et
2138 4391 2349 4465 veluti
2394 4396 2833 4487 disciplinam
2865 4395 3243 4465 divisorum
3276 4391 3568 4484 posteris
3611 4413 3884 4481 quoque
3915 4386 4283 4455 traderent.

962 4496 1283 4582 Populus
1321 4514 1547 4574 autem
1603 4507 2051 4606 singulaeque
2094 4522 2319 4593 tribus
2364 4524 2647 4617 majoris
2704 4519 3052 4596 facilitatis
3104 4544 3275 4615 ergo
3336 4544 3466 4615 per
3515 4523 3899 4613 complures
3933 4512 4291 4585 dcem-ias
