4782 6002
2241 515 2337 590 23

629 765 897 832 ventum
930 766 996 830 et
1018 756 1583 854 sphygmographi
1616 761 1883 830 nomine
1911 769 2382 855 nuncupatum,
2415 781 2587 854 quae
2615 763 2773 832 etin
2802 760 2994 857 pulsu
3022 758 3335 833 tentando
3366 771 3432 833 et
3456 766 3524 835 in
3550 762 3796 855 morbis
3826 763 3943 837 di·-

625 895 997 989 judicandis
1050 896 1395 968 commoda
1447 895 1714 968 adferre
1768 904 2004 992 queat,
2057 899 2539 992 experimentis
2592 909 2883 973 eruatur.

837 1035 1274 1122 Quaestiones
1327 1034 1410 1107 ab
1466 1033 1714 1107 Ordine
1766 1033 2509 1131 Philosophorum
2561 1041 2939 1133 propositae
2992 1047 3178 1110 sunt:

736 1173 802 1247 1.
856 1194 948 1244 ex
997 1171 1312 1246 mathesi:
1363 1202 1372 1221 =

1044 1280 1554 1407 „Ausdehnung
1606 1310 1726 1383 der
1778 1310 1977 1382 Satze
2012 1310 2178 1383 iiber
2203 1310 2736 1405 Kegelschnitte,
2789 1312 3269 1386 inshesondere
3296 1312 3685 1408 derjenigen
3710 1312 3933 1403 Sane,

1035 1450 1297 1523 welche
1350 1450 1491 1523 sich
1542 1449 1661 1522 auf
1708 1449 1814 1521 die
1840 1449 2313 1545 Brennpunkte
2341 1447 2474 1521 und
2519 1449 2965 1551 Asymptoten
2991 1448 3354 1542 beziehen,
3408 1451 3526 1522 auf
3549 1451 3935 1548 spherische
4048 1502 4054 1508 ι

1037 1588 1529 1684 Kegelschnitte
1546 1641 1568 1678 .,
1621 1588 1894 1661 welche
1937 1586 2141 1660 durch
2213 1587 2342 1661 den
2400 1587 2655 1661 Schultt
2722 1590 2907 1661 einer
2958 1587 3175 1683 Kugel
3245 1592 3377 1663 und
3447 1594 3632 1663 eines
3684 1589 3934 1684 Kegels

1036 1730 1316 1799 zweiter
1368 1724 1688 1818 Ordnung
1740 1716 2123 1816 entstehen3
2177 1725 2425 1798 dessen
2476 1723 2701 1821 Spitze
2754 1712 2869 1797 mit
2922 1726 3072 1798 dem
3099 1725 3513 1824 Mittelpunkt
3566 1728 3687 1800 der
3711 1727 3932 1823 Kugel

1036 1861 1626 1937 zusammenfalltf‘

728 2001 795 2075 2.
850 2025 942 2076 ex
990 2000 1438 2099 philosophia:

1043 2139 1148 2233 „E
1201 2139 1488 2213 fontibus
1539 2139 2066 2231 demonstretur,
2120 2161 2445 2235 quaenam
2473 2140 2717 2213 fuerint
2755 2137 3208 2235 philosophiae
3234 2138 3501 2249 Epicuri
3529 2139 3921 2213 elementa.“

777 2342 782 2349 .
828 2274 1362 2351 commilitones!
1406 2280 1548 2372 jam
1600 2288 1864 2377 apertus
1920 2288 2021 2351 est
2075 2300 2365 2373 campus.
2473 2276 2617 2351 Nec
2673 2278 2911 2359 desunt
2961 2277 3156 2351 vohis
3203 2281 3422 2367 vires,
3476 2300 3601 2350 nec
3655 2278 3931 2353 deerunt

618 2398 851 2489 merita
903 2415 1098 2488 vobis
1149 2418 1465 2510 proemia.
1735 2402 1742 2409 ’
1921 2396 1928 2407 ’

825 2554 1015 2642 Quod
1085 2553 1406 2651 reliquum
1476 2563 1617 2647 est,
1669 2562 1897 2649 grates
1968 2555 2431 2651 persolvamus
2484 2551 2636 2625 Deo
2722 2553 2983 2650 Optimo
3037 2542 3380 2645 Maximo,
3452 2558 3561 2647 qui
3634 2575 3923 2646 omnem,

613 2715 743 2799 qua
794 2692 1033 2766 florent
1083 2692 1360 2782 literae(
1392 2713 1624 2786 pacem
1677 2715 1758 2764 ac
1809 2696 2227 2769 securitatem
2281 2714 2405 2789 per
2455 2684 2630 2765 hunc
2704 2714 2969 2791 quoque
3031 2714 3272 2764 annum
3326 2690 3517 2765 nobis
3571 2695 3920 2765 concessit.

719 2827 726 2836 “
819 2831 933 2903 Pia
983 2804 1416 2928 suscipiamus
1486 2839 1646 2906 vota
1699 2849 1822 2928 pro
1876 2831 2359 2909 Friderico
2407 2830 2711 2928 Principe
2752 2839 2986 2903 nostro
3047 2869 3133 2879 —
3193 2853 3314 2927 pro
3357 2833 3672 2904 universa
3698 2830 3918 2902 Domo

611 2979 890 3065 augusta
979 2968 1672 3064 Zaringo-Badensi:
1762 2990 1956 3063 quam
2043 2970 2441 3046 incolumem
2527 2969 2716 3045 nobis
2785 2972 2854 3042 in
2940 2982 3282 3067 posterum
3351 2979 3680 3067 praestet,
3751 2969 3920 3042 faxit

607 3130 990 3205 supremum
1044 3131 1307 3184 numen.
2114 3085 2118 3090 ’

818 3247 1063 3323 Servet
1091 3248 1271 3321 Deus
1300 3247 1592 3344 Optimus
1644 3247 1978 3321 Maximus
2005 3247 2438 3366 Academiam
2466 3260 2761 3321 nostram
2793 3247 3070 3345 eamque
3097 3247 3333 3321 in.dies
3355 3257 3611 3343 augeat.
3735 3245 3920 3323 Dixi.
