4782 6002
1989 374 2075 444 13

639 520 770 592 nisi
839 545 1068 619 usque
1133 521 1222 593 ad
1292 524 1715 622 quingentos
1775 524 2036 596 solidos
2111 526 2458 597 actionem
2530 524 2847 597 habetis
2914 524 3029 595 cui
3080 523 3430 595 donatum

640 662 760 718 oet.
800 647 873 720 Si
917 650 1067 744 jam
1112 649 1402 744 impleta
1447 665 1583 736 est,
1637 652 2040 723 dominium
2101 652 2197 722 rei
2242 652 2378 722 sibi
2420 652 2688 746 injusto
2725 651 2940 723 titulo
2981 649 3247 721 traditae
3285 674 3434 720 non

640 774 853 844 habet
902 789 973 846 et
1023 774 1327 849 donator
1379 778 1477 848 rei
1529 803 1665 848 suae
1718 792 1990 871 partem
2055 779 2611 876 quingentorum
2682 776 3076 849 solidorum
3131 773 3430 847 modum

640 899 1082 973 excedentem
1108 957 1124 988 ,
1156 928 1429 999 semper
1462 905 1819 975 vindicare
1860 919 2107 1002 potest.
2164 906 2294 977 Res
2332 906 2594 977 donata
2643 904 3045 976 communis
3097 918 3201 974 est
3247 903 3431 974 inter

639 1026 1019 1099 donantem
1067 1044 1137 1100 et
1179 1030 1663 1125 accipientem.
1697 1029 1839 1122 Qui
1895 1031 2314 1125 ampliorem
2356 1056 2709 1102 summam
2753 1032 2825 1100 in
2868 1030 3003 1100 hac
3053 1053 3127 1100 re
3178 1027 3428 1111 habet,

641 1153 984 1250 reliquam
1045 1156 1520 1227 aestimationis
1587 1158 2057 1254 quantitatem
2135 1156 2383 1227 offerre
2447 1170 2677 1251 potest
2741 1157 2804 1226 ei
2882 1157 3004 1252 qui
3077 1156 3426 1226 minorem

639 1280 857 1350 habet
905 1296 977 1351 et
1017 1282 1237 1353 totius
1292 1283 1385 1353 rei
1440 1282 1779 1353 dominus
1818 1281 1993 1354 fieri.
2031 1282 2155 1354 Sin
2192 1298 2430 1354 autem
2474 1284 2612 1353 hoe
2653 1308 2798 1354 non
2841 1282 3002 1353 facit
3031 1339 3048 1369 ,
3094 1307 3202 1352 res
3250 1280 3431 1352 divi-

638 1405 848 1478 detur
903 1408 1297 1481 seeundum
1359 1410 1825 1506 quantitatem
1893 1411 2182 1507 utrique
2251 1411 2428 1505 parti
2486 1423 3023 1504 competentem.
3089 1407 3212 1480 Sin
3266 1433 3430 1479 vero

639 1557 746 1603 res
785 1533 1055 1605 utiliter
1104 1534 1325 1604 dividi
1383 1561 1524 1605 non
1585 1548 1850 1631 potest,
1910 1535 2143 1605 licebit
2200 1536 2409 1606 etiam
2463 1536 2525 1605 ei
2578 1534 2701 1633 qui
2762 1533 3108 1606 minorem
3160 1547 3430 1631 partem

641 1660 896 1746 habet,
937 1660 1187 1731 offerre
1240 1661 1549 1757 pretium
1602 1675 1671 1732 et
1723 1675 1942 1732 totam
1988 1686 2136 1731 rem
2175 1661 2310 1731 sibi
2346 1652 2757 1732 vindicare.¹

740 1786 845 1855 2.⁰
906 1788 1249 1885 Tanquam
1297 1784 1688 1885 inofficiosa.
1739 1787 1982 1880 Quum
2039 1788 2201 1883 quis
2262 1788 2777 1883 patrimonium
2837 1812 3050 1857 suum
3110 1786 3435 1856 donatio-

640 1911 855 1984 nibus
908 1912 1003 1984 ita
1055 1914 1412 1999 exhausit,
1483 1927 1564 1984 ut
1629 1914 1685 1983 si
1742 1914 1879 1983 hoe
1936 1927 2355 1984 testamento
2428 1914 2696 1983 l'ecisset
2724 1969 2740 1997 ‚
2801 1910 3173 1982 inofficiosi
3226 1924 3433 1981 testa-

642 2040 860 2109 menti
892 2039 1251 2135 querelam
1287 2039 1699 2111 habuissent
1725 2038 2015 2111 heredes
2038 2094 2053 2123 ‚
2099 2053 2260 2133 post
2298 2039 2490 2110 illius
2516 2053 2819 2109 mortem
2847 2038 2946 2108 eis
2982 2052 3434 2133 comparatur

640 2164 1035 2237 inofficiosae
1094 2165 1498 2237 donationis
1560 2167 1866 2263 querela.
1935 2167 2078 2237 Hac
2141 2167 2472 2263 querela,
2542 2193 2695 2262 quae
2748 2163 2838 2236 ad
2900 2166 3117 2237 instar
3182 2165 3439 2260 prioris

642 2289 1047 2362 introducta
1097 2306 1235 2375 est,
1292 2316 1435 2361 non
1491 2293 1785 2362 omnino
1843 2291 2262 2363 rescinditur
2312 2290 2641 2394 donatio,
2670 2290 2790 2362 sed
2828 2316 3055 2387 usque
3085 2315 3166 2361 eo
3197 2289 3437 2387 quoad

648 2432 972 2512 quartam
1016 2418 1334 2514 legitimae
1386 2419 1605 2514 partis
1646 2419 1955 2490 habeant
2007 2419 2321 2490 heredes.
2351 2405 2379 2450 ²

745 2544 825 2613 ll.
853 2544 933 2613 In
971 2544 1326 2642 integrum
1357 2574 1374 2615 ε
1418 2547 1513 2615 l.⁰
1546 2545 1649 2616 Ob
1674 2549 2010 2644 insignum
2040 2543 2612 2644 ingratitudinem.
2639 2544 2695 2614 T
2697 2569 3007 2641 anquam
3038 2545 3129 2616 ab
3164 2545 3435 2643 ingrato

640 2684 1008 2743 revocatur
1071 2670 1364 2742 donatio
1434 2671 1525 2741 ab
1600 2696 1680 2741 eo
1747 2672 2197 2768 potissimum
2271 2672 2400 2768 qui
2470 2671 2576 2742 vel
2660 2671 2941 2765 injuriis
3016 2668 3435 2742 donatorem

644 2799 991 2895 ingressus
1042 2813 1180 2886 est,
1226 2799 1329 2871 vel
1385 2798 1731 2870 damnum
1786 2800 1886 2869 rei
1926 2800 2080 2893 ejus
2122 2798 2441 2870 familiari
2490 2798 2769 2885 intulit,
2815 2797 2920 2868 vel
2968 2798 3119 2869 vitae
3159 2798 3436 2893 pericu—

647 2925 796 2996 lum
863 2925 1091 2997 eidem
1160 2926 1428 3022 paravit
1455 2911 1504 2992 ³.
1560 2925 1696 2997 Sed
1756 2927 2193 3022 personalem
2254 2922 2755 2996 tantummodo
2815 2925 3032 2996 habet
3082 2925 3432 2995 actionem

643 3051 982 3140 donator,
1028 3078 1171 3151 qua
1226 3054 1404 3149 petit
1449 3069 1530 3125 ut
1584 3079 1689 3125 res
1739 3055 1875 3124 sibi
1933 3056 2344 3124 restituatur
2380 3078 2547 3124 cum
2590 3053 2787 3123 omni
2842 3076 3048 3123 eausa
3068 3038 3120 3120 ⁴.
3161 3052 3300 3124 Nee
3345 3052 3434 3123 ad

643 3181 1016 3264 heredem,
1084 3205 1211 3252 nec
1273 3179 1605 3251 adversus
1669 3180 1999 3251 heredem
2073 3181 2324 3252 transit
2388 3170 2642 3252 actio⁵.
2707 3180 3132 3251 Donationes
3192 3205 3438 3251 omnes

644 3307 1140 3379 remunerandi
1194 3332 1401 3378 eausa
1449 3309 1661 3379 factas
1709 3309 1801 3378 ab
1852 3309 2123 3404 ingrato
2177 3308 2482 3381 revocari
2542 3333 2683 3379 non
2751 3332 2949 3404 posse
2999 3308 3439 3378 arbitrantur

632 3435 1289 3527 jureconsultorum
1366 3436 1519 3519 alii,
1602 3435 1720 3505 alii
1775 3435 1903 3506 has
1985 3450 2268 3507 tantum
2332 3434 2749 3506 donationes
2812 3435 3080 3532 quibus
3145 3449 3435 3531 acceptae

643 3563 888 3632 salutis
943 3559 1365 3632 beneficium
1415 3563 1887 3633 remuneravit
1935 3548 2308 3633 ἀοῑιειῑοικ6

654 3792 659 3797 .
678 3789 3414 3803 -ᾖ--ῇ--ᾷ-Μ*

727 3961 764 3991 ι.
805 3938 1090 4004 Const.34,
1123 3935 1179 3990 C.
1219 3939 1270 3991 h.
1313 3951 1383 4004 t.,
1428 3937 1688 3992 authentic.
1730 3934 1775 4008 §-
1820 3960 1863 3990 2.

726 4066 766 4094 ·.·.
809 4041 979 4095 Const.
1015 4062 1069 4106 7,
1103 4040 1190 4108 C.,
1224 4042 1297 4094 De
1332 4040 1468 4093 inotl'.
1502 4040 1648 4105 don„
1684 4041 1783 4105 ΙΙΙ,
1826 4061 1900 4114 ²9·

722 4152 767 4197 A.
807 4144 976 4198 Coust⁴
1012 4164 1092 4210 ιο,
1122 4143 1204 4209 (3.,
1238 4144 1312 4198 De
1332 4163 1488 4197 revoc.
1513 4144 1629 4197 don.
1648 4184 1662 4210 ,
1688 4143 1835 4208 vltt,
1862 4144 1937 4197 56.

721 4250 766 4310 4.
809 4246 979 4299 Const.
1007 4266 1030 4309 7
1055 4285 1070 4310 ‚
1103 4243 1189 4310 C.,
1224 4244 1332 4297 eod.
1364 4247 1439 4297 tit.

723 4351 765 4399 5.
808 4347 977 4401 Const.
1011 4370 1064 4401 ιο
1083 4386 1097 4413 ,
1127 4347 1212 4412 C.,
1235 4346 1343 4399 eod.
1369 4348 1444 4398 tit.

720 4452 765 4502 5.
807 4451 888 4503 Fr.
916 4454 1003 4517 34,
1037 4446 1167 4519 §.1,
1200 4452 1293 4514 1).‚
1325 4450 1376 4503 h.
1404 4462 1439 4502 t.
1484 4448 1605 4518 Voy.
1646 4447 1885 4518 savigny,
1927 4452 2117 4521 Syslem
2156 4450 2245 4503 des
2283 4452 2475 4518 heulig.
2518 4453 2638 4501 tb'm.
2681 4450 2906 4510 Rechts,
2949 4458 3069 4499 tom.
3111 4446 3200 4511 IV,
3240 4441 3284 4514 §-
3333 4446 3435 4497 153.
