4782 6002
2114 573 2237 662 13

464 765 727 874 fle-
758 794 1085 868 sufflo.
1165 797 1476 868 Eandem
1541 803 1943 875 meum
1991 814 2267 898 protulit
2322 815 2822 889 iflustrissinrus
2863 822 2954 893 de
2991 826 3288 896 Savaria
3328 830 3434 898 his
3475 834 3705 900 verbis
3755 837 3862 904 lo·

465 932 703 996 eut-ua:
779 929 844 996 11
883 933 992 998 est
1031 946 1219 1034 rare,
1287 945 1419 1016 que
1470 931 1579 999 les
1636 932 1874 1001 hainen
1937 940 2294 1010 survivent
2330 939 2377 1010 a
2414 964 2503 1012 ιιιι
2544 948 2805 1018 combat
2842 954 3047 1041 apres
3087 957 3310 1045 lequel
3352 977 3439 1027 on
3481 965 3593 1027 est
3631 962 3872 1049 obliga.

464 1053 806 1123 &stimet
844 1057 1056 1142 celui,
1110 1058 1219 1145 qui
1261 1073 1308 1122 a
1345 1059 1542 1125 offa-t
1578 1062 2005 1131 satisfactien
2044 1065 2133 1134 de
2171 1069 2387 1139 bonne
2427 1088 2662 1162 grace.
2702 1117 2783 1133 --
2841 1079 3166 1150 Omnibus
3209 1084 3355 1154 fere
3392 1091 3860 1157 excusationi-

469 1182 637 1269 δυ,
693 1201 869 1269 quus
921 1183 1011 1249 ad
1064 1184 1550 1254 defendendum
1600 1190 1809 1257 duelli
1868 1211 2061 1260 usum
2116 1213 2160 1263 a
2217 1197 2627 1270 doctissimis
2677 1208 3347 1300 prudentissimisque
3402 1216 3570 1282 viris
3612 1218 3860 1286 allatas

471 1323 641 1375 osae
678 1315 1083 1395 conpertum
1122 1313 1361 1401 habeo,
1398 1336 1519 1404 pro
1558 1318 1818 1386 viribus
1856 1322 2063 1410 meis,
2105 1324 2271 1393 licet
2304 1331 2798 1423 exiguissimis,
2862 1341 3209 1424 refutatis,
3251 1348 3325 1410 ut
3363 1346 3602 1411 unicae
3642 1345 3861 1413 adhuc

470 1434 822 1523 eiquue
857 1442 1123 1527 majoris
1159 1447 1469 1512 momenti
1507 1447 1953 1533 respondeam
1991 1458 2222 1520 restat.
2304 1456 2546 1546 Miles,
2595 1463 2909 1550 imprimis
2950 1484 3115 1535 vero
3155 1469 3290 1536 dux
3330 1472 3605 1540 militum
3651 1475 3868 1559 (quo-

466 1580 610 1630 rum
646 1566 1075 1654 privilegium
1125 1567 1415 1639 duellum
1478 1577 1654 1643 solet
1694 1575 1961 1661 baberi)
2023 1583 2303 1669 ignavia
2342 1589 2456 1654 vel
2497 1590 2850 1661 timiditate
2889 1569 3192 1680 objecta,
3262 1616 3387 1684 quo
3427 1600 3691 1686 quidem
3732 1603 3862 1668 vix·

461 1694 753 1780 gravius
787 1694 972 1762 militi
1007 1701 1237 1783 potest
1274 1701 1503 1768 inferri
1539 1706 1896 1791 probrum,
1958 1712 2268 1795 quoniam
2305 1732 2391 1782 eo
2430 1718 2639 1803 prima
2678 1727 2749 1789 et
2785 1729 2944 1791 ante
2983 1743 3212 1793 omnes
3235 1727 3425 1795 alias
3465 1730 3860 1798 necessaria

464 1820 623 1902 eius
659 1821 869 1889 virtus
904 1824 976 1891 in
1021 1826 1573 1915 disceptationem
1610 1839 1923 1921 vocatur,
1969 1839 2127 1923 quin
2167 1839 2388 1909 duello
2429 1850 2783 1916 commisso
2827 1855 3132 1938 probrum
3169 1854 3411 1956 falsum
3449 1862 3522 1923 et
3560 1858 3852 1943 iniquum

462 1948 935 2033 quodamnodo
975 1956 1392 2044 probaverit,
1433 1976 1564 2026 non
1610 1966 1756 2045 est,
1797 1963 1971 2050 quod
2012 1963 2297 2036 dubites.
2380 1971 2592 2055 Quam
2634 1979 2897 2065 quidem
2936 1985 3437 2053 excusationem
3477 1986 3547 2050 in
3577 1984 3853 2066 duellis,

460 2089 508 2140 a
541 2078 707 2144 viris
744 2080 861 2146 alii
901 2081 1112 2149 ordini
1150 2083 1546 2175 adscriptis,
1585 2095 1991 2181 perpetratis
2019 2099 2178 2181 jnre
2217 2101 2435 2168 afferri
2477 2122 2607 2171 non
2647 2124 2854 2192 posse
2895 2126 3088 2176 nemo
3128 2112 3419 2200 negabit.
3503 2112 3678 2177 Nam
3718 2127 3845 2177 ne-

460 2217 597 2289 que
647 2208 833 2274 tanta
886 2211 1103 2279 animo
1152 2217 1441 2304 cogitari
1492 2224 1721 2307 potest
1770 2223 2012 2310 injuria
2074 2243 2344 2314 pagano
2407 2231 2629 2320 illata,
2696 2240 2941 2322 quauta
3008 2238 3196 2305 militi
3249 2241 3512 2323 objecta
3569 2238 3851 2324 ignavia

456 2332 803 2401 munda
853 2343 999 2425 est,
1066 2358 1286 2428 neque
1340 2344 1542 2413 ullum
1594 2348 1812 2437 aliud,
1879 2367 2072 2438 quam
2130 2352 2453 2445 ignaviae
2510 2360 2817 2446 probrum
2876 2363 3102 2432 duello
3143 2365 3444 2433 confecto
3482 2365 3723 2432 falsum
3764 2381 3852 2432 ao

457 2461 711 2530 temere
738 2467 997 2550 jactum
1037 2427 1508 2557 quodammodo
1546 2459 1875 2563 probatur.

697 2593 1073 2662 Certissimi
1111 2618 1281 2666 vero
1306 2604 1479 2688 juris
1520 2609 1673 2691 est‚‘
1711 2607 2001 2675 duellum
2042 2627 2124 2676 eo
2164 2612 2422 2679 leviore
2457 2618 2879 2700 plectendum
2921 2636 3082 2686 esse
3123 2637 3370 2707 poena,
3416 2637 3543 2705 quo
3569 2619 3846 2705 gravior

458 2718 802 2787 exstiterit
856 2724 1131 2792 offensio
1179 2731 1623 2817 antecedens,
1689 2752 1861 2822 quae
1911 2741 2362 2824 provocationi
2421 2761 2656 2810 ansam
2706 2748 3098 2831 praebuerit.
3196 2750 3509 2814 Ceterum
3566 2745 3844 2812 militem

461 2847 741 2935 cognita
779 2851 1022 2918 virtute
1058 2858 1256 2943 atque
1292 2861 1621 2945 probitate
1665 2860 1957 2930 duellum
1996 2872 2418 2934 recusentem
2460 2873 2843 2956 optimorum
2875 2889 3277 2958 quorumque
3313 2871 3846 2959 comprobatione

454 2973 889 3066 nauibusque
927 2998 1091 3051 esse
1126 2984 1485 3057 frueturum
1524 2989 1685 3059 mihi
1723 2993 2302 3106 persuasissimum
2344 3003 2489 3079 est,
2531 3017 2727 3085 quum
2767 3000 3131 3087 gravitatis
3171 3006 3244 3068 et
3284 2999 3705 3068 liberalitatis
3744 3001 3844 3068 sit

370 3120 383 3131 ·
453 3102 750 3189 injuriam
788 3117 1134 3222 acceptam
1174 3134 1307 3183 non
1355 3119 1631 3201 ulcisci,
1692 3122 1920 3188 minuti
1963 3140 2127 3190 vero
2169 3129 2577 3213 angustique
2629 3129 2830 3195 animi
2872 3129 3249 3215 humiliore,
3316 3130 3567 3195 ultione
3606 3146 3847 3216 super·-

453 3232 703 3300 aedere
738 3255 872 3304 nou
911 3258 1139 3324 posse.
1218 3245 1376 3313 Jam
1419 3246 1504 3313 ad
1544 3248 1742 3314 aliam
1783 3250 2094 3316 benevoli
2131 3252 2407 3319 lectoris
2448 3255 2730 3321 animum
2771 3260 3165 3322 convertere
3204 3257 3365 3321 mihi
3403 3258 3606 3323 liceat
3630 3274 3845 3342 quae-

453 3360 735 3428 stionem
788 3383 1031 3435 revera
1086 3369 1258 3439 haud
1312 3371 1691 3463 indignam,
1760 3394 1933 3464 quae
1993 3382 2374 3446 accuratius
2447 3380 2849 3468 disquiratur
2912 3389 3111 3467 atque
3178 3381 3650 3465 investigetur.
3731 3383 3844 3447 Ex

452 3489 687 3574 quibus
729 3495 955 3561 causis
972 3541 993 3580 ,
1059 3499 1365 3588 undeque
1406 3503 1685 3589 plurima
1728 3523 2041 3575 emanare
2083 3507 2303 3575 solent
2344 3500 2613 3575 duella?
2695 3508 3012 3578 Omnibus
3051 3508 3193 3574 fere
3235 3508 3480 3574 duellis
3524 3526 3609 3573 ex
3652 3524 3839 3581 more

448 3612 813 3686 laesionem
854 3622 1183 3708 quandam
1220 3630 1734 3698 existimationis
1774 3633 1975 3701 factis
2010 3637 2336 3703 ven-bisve
2374 3637 2662 3719 illatam,
2725 3636 3092 3722 factumve,
3156 3654 3281 3723 quo
3322 3637 3471 3722 quis
3527 3635 3844 3707 violatum

452 3760 536 3810 se
569 3753 934 3843 putaverit3
1008 3760 1312 3841 quamvis
1367 3778 1611 3829 revera
1662 3765 1908 3831 nullam
1962 3766 2333 3833 laesionem
2370 3765 2742 3848 contineat,
2807 3764 3213 3831 antecedere
3251 3764 3475 3830 solere
3513 3762 3601 3827 ad
3641 3782 3841 3830 unum

452 3873 749 3941 omnibus
792 3882 1078 3951 constat.
1161 3881 1609 3976 Quodcunque
1661 3908 1827 3957 vero
1880 3894 2018 3958 sub'
2063 3894 2330 3960 honoris
2386 3895 2687 3960 laesione
2742 3895 2897 3960 sive
2946 3895 3185 3981 injuria
3240 3910 3448 3959 sensu
3502 3890 3833 3959 strictiore

451 3996 953 4086 intelligendu„
991 4010 1087 4077 sit
1125 4015 1328 4079 certis
1366 4018 1594 4085 verbis
1634 4002 1755 4085 vix
1796 4020 2114 4108 explicari
2154 4042 2359 4111 posse
2402 4024 2560 4091 mibi
2601 4022 2898 4107 videtur,
2942 4024 3069 4090 nisi
3110 4021 3416 4111 generali
3454 4019 3834 4107 acquiesci·-
3977 4024 3978 4027 ’

450 4140 602 4191 mus
643 4124 1040 4222 definitioni,
1081 4141 1342 4226 qualem
1383 4143 1556 4211 banc
1597 4146 1894 4215 sonasse
1930 4167 2362 4237 proponerem
2381 4171 2403 4216 ε
2444 4151 2690 4222 factum
2730 4145 3093 4219 verbum‘ve
3126 4149 3393 4239 legibus
3420 4147 3834 4229 contrarium,

451 4264 589 4334 ‘1⁰⁰
625 4254 771 4338 (μὴ
802 4257 1039 4351 ΡΜ,
1081 4267 1253 4351 quod
1293 4268 1381 4335 ad
1422 4274 1573 4356 ejus
1602 4276 1765 4358 jura
1802 4275 2309 4345 existimationis
2349 4278 2462 4345 vel
2505 4280 2723 4346 famae
2763 4278 3052 4346 offendit.
3136 4277 3281 4344 Sed
3308 4295 3422 4342 res
3449 4272 3831 4339 difficillima

444 4381 563 4445 est
601 4380 891 4469 singula
912 4389 1131 4478 faeta,
1171 4395 1411 4481 quibus
1451 4399 1750 4473 homines
1790 4404 1903 4470 uni
1943 4405 2288 4493 eidemque
2326 4405 2544 4472 ordini
2584 4407 2906 4491 adscripti
2965 4407 3362 4489 injuriantur
3419 4415 3831 4484 enumerare,

441 4506 647 4592 ΡΙΒΙθ
696 4511 1125 4597 impossibifls
1178 4540 1573 4617 recensere,
1642 4532 1877 4618 quibus
1932 4535 2192 4601 omnino
2254 4535 2619 4612 bominum,
2706 4534 3155 4617 cujuscunque
3211 4526 3604 4595 conditionis
3671 4528 3847 4612 sint,

444 4633 863 4707 existimatio
898 4643 1197 4714 violatur.
1272 4654 1431 4722 Huc
1464 4657 1609 4725 fere
1648 4663 1865 4728 omnia
1900 4660 1988 4727 ad
2018 4659 2490 4726 tontum-nam
2524 4656 2861 4742 accipiens
2901 4675 2983 4724 se
3037 4658 3346 4726 violatum
3399 4654 3692 4742 putabit,
3768 4656 3831 4722 si

444 4761 597 4847 ΝΒ
636 4773 1024 4841 mumolum
1064 4777 1501 4850 manitatem
1538 4786 1847 4873 neglexit
1882 4787 2193 4861 minusve
2249 4785 2526 4853 eomiter
2564 4790 2636 4852 et
2672 4784 2971 4853 officiose
3011 4803 3093 4853 se
3131 4784 3389 4872 gessit,
3443 4783 3559 4850 ille
3600 4784 3826 4849 contra

443 4899 690 4974 W
721 4891 899 4964 «Rota
936 4904 1007 4969 et
1047 4910 1397 4996 eonvida,
1439 4914 1860 4999 quantumvis
1901 4915 2040 4984 sint
2077 4917 2364 5005 gravia,
2406 4913 2566 4982 nibil
2604 4914 2873 4982 curabit.
2954 4912 3150 4979 Alius
3189 4912 3304 4999 qui
3343 4930 3424 4979 os
3453 4904 3824 4977 adversarii
3951 4936 3968 4946 ’
