4782 6002
920 101 975 173 4

924 294 1372 390 pecuniosum
1420 288 1808 371 hominem,
1853 284 2165 375 quamvis
2202 285 2295 352 sit
2344 303 2633 370 nocens,
2683 285 3017 354 neminem
3066 306 3268 378 posse
3300 283 3700 374 damnari”,
3746 311 3964 380 seque
4001 293 4096 361 ait
4138 295 4244 363 illi

924 449 1171 497 causae
1229 444 1385 494 cum
1441 413 1706 487 summa
1749 415 2095 484 voluntate
2150 422 2225 483 et
2282 414 2786 505 exspectatione
2845 416 3087 507 populi
3143 416 3437 484 Romani
3489 426 3792 488 actorem
3833 424 4205 494 accessisse
4226 476 4250 512 ,

926 580 1061 629 uon
1100 566 1174 623 ut
1207 557 1494 642 augeret
1535 546 1872 616 iuvidiam
1910 543 2176 613 ordinis
2200 592 2221 630 ,
2270 543 2401 611 sed
2451 553 2523 611 ut
2578 543 2899 614 infamiae
2953 545 3300 613 communi
3353 557 3823 617 succurreretz
3870 549 4249 621 adduxisse

927 687 1111 758 enim
1153 682 1539 763 hominem,
1589 678 1663 744 in
1703 699 1842 765 quo
1895 673 2350 744 reconciliare
2415 672 2974 742 existimationem
3007 674 3438 765 judiciorum
3487 676 3841 764 amissam,
3893 680 4123 749 redire
4170 684 4243 750 in

924 815 1217 911 gratiam
1247 832 1403 881 cum
1433 807 1694 901 populo
1728 808 2074 906 Romano,
2126 803 2522 872 satisfacere
2565 805 2817 873 exteris
2844 805 3231 892 nationibus
3254 806 3541 897 judices
3574 809 3857 897 possint.
3907 806 4244 881 Ordinem

923 946 1097 1014 dicit
1155 942 1475 1011 Senatum
1499 989 1519 1023 ,
1583 937 1675 1007 ad
1719 957 1927 1023 quem
1989 934 2265 1026 judicia
2321 934 2671 1002 redierant
2730 936 3160 1024 temporibus
3205 935 3508 1006 Sullanis
3532 986 3554 1022 ,
3620 937 4082 1010 funestissima
4127 943 4242 1014 illst

923 1074 1263 1144 libertatis
1314 1069 1554 1163 populi
1609 1066 1903 1138 Romani
1958 1064 2196 1150 clade,
2270 1065 2408 1151 qu&
2451 1086 2661 1152 quum
2705 1065 3027 1135 factiosae
3091 1075 3158 1134 et
3206 1077 3571 1158 corruptae
3628 1070 3973 1139 nobilitati
4023 1074 4242 1142 omnia

927 1209 1320 1292 cessissent,
1369 1225 1528 1272 eum
1576 1203 1649 1271 in
1693 1209 1942 1269 statum
1988 1197 2381 1287 respublica
2431 1195 2866 1282 incidit,·ut‚
2916 1196 3106 1284 quod
3138 1196 3234 1263 ait
3271 1195 3520 1265 Cicero
3565 1197 3656 1266 de
3689 1199 3986 1290 Republ.
4020 1202 4074 1268 1.
4106 1201 4239 1287 31,

926 1337 1143 1407 verbo
1180 1335 1463 1424 quidem
1500 1332 1703 1400 liberi
1742 1336 1962 1399 essent
1995 1348 2265 1411 omnes,
2316 1326 2573 1395 ferrent
2605 1324 2969 1417 suffragia,
3007 1327 3411 1395 mandarent
3441 1329 3771 1419 imperia,
3805 1332 4254 1430 mag-istratus-

926 1467 1385 1549 ambirentur,
1438 1471 1882 1555 rogarentur3
1934 1457 2063 1527 sed
2102 1480 2181 1525 ea
2210 1457 2457 1525 darent
2499 1458 2759 1548 mag-is,
2809 1479 2987 1546 quae
3023 1457 3229 1526 etiam
3261 1457 3322 1526 si
3355 1457 3645 1543 nollent,
3694 1458 3932 1529 danda
3977 1469 4234 1546 essent,

932 1607 1001 1666 et
1052 1619 1231 1685 quae
1274 1595 1408 1685 ipsi
1466 1615 1599 1661 non
1656 1591 2027 1673 haberent,
2090 1586 2278 1654 unde
2326 1586 2444 1653 alii
2499 1593 2858 1675 peterent3
2920 1595 3237 1675 expertes
3307 1597 3532 1655 essent
3586 1588 3902 1678 imperii,
3973 1590 4240 1659 consilii

928 1727 1236 1819 publici,
1276 1724 1535 1817 judicii
1571 1723 1993 1790 delectorum
2025 1717 2349 1811 judicum
2369 1764 2391 1800 ,
2439 1739 2617 1803 quae
2653 1715 3069 1784 familiarum
3098 1717 3545 1796 vetustatibus
3573 1727 3688 1786 aut
3713 1718 4024 1808 pecuniis
4062 1739 4238 1809 pon-

934 1857 1351 1924 derarentur.
1449 1854 1667 1920 Antea
1713 1850 1926 1934 enim,
1976 1870 2185 1937 quum
2250 1869 2336 1915 ex
2386 1849 2550 1940 lege
2583 1848 2989 1938 Sempronia
3025 1857 3341 1937 equester
3387 1849 3564 1919 ordo
3595 1848 3992 1940 judicaret,
4038 1873 4242 1920 annos

932 2009 1156 2078 prope
1194 1983 1688 2075 quinquaginta
1728 1981 2120 2074 continuos,
2169 1979 2240 2048 in
2278 1980 2465 2047 nullo
2492 1977 2742 2068 judice
2785 1980 3015 2070 equite
3044 1980 3357 2048 Romano
3399 1978 3758 2070 judicante
3801 2005 3888 2050 ne
3929 1983 4240 2050 tenuissi—

932 2140 1115 2186 mam
1161 2115 1447 2203 quidem
1494 2113 1951 2205 suspicionem
1999 2120 2324 2202 acceptae
2372 2111 2705 2201 pecuniae
2737 2107 3169 2182 constitutam
3213 2136 3358 2183 esse
3393 2114 3575 2182 idem
3605 2112 3810 2202 (Act.
3856 2112 3891 2178 Ι
3923 2112 3992 2180 in
4040 2112 4241 2181 Verr.

935 2271 996 2319 c.
1023 2248 1153 2339 la)
1182 2254 1499 2327 testatur3
1541 2243 1832 2335 judiciis
1867 2244 1959 2311 ad
2000 2243 2411 2312 senatorium
2442 2241 2762 2310 ordinem
2796 2245 3137 2314 translatis
3176 2241 3577 2332 sublataque
3605 2240 3854 2332 pepuli
3879 2249 4242 2332 potestate,

934 2386 1121 2446 tanta
1148 2374 1608 2467 corruptionis
1640 2375 1745 2442 vis
1777 2374 2074 2466 ingruit,
2108 2382 2184 2441 ut
2223 2371 2435 2464 longa
2458 2372 2724 2441 ibidem
2759 2373 3331 2445 nobilissimorum
3369 2374 3716 2442 nominum
3748 2373 3962 2442 series
4003 2383 4240 2460 exstet,

936 2510 1185 2600 quibus
1216 2509 1576 2600 pecuniam
1614 2506 1708 2576 ob
1750 2528 1898 2575 rem
1938 2504 2388 2596 judicandam
2432 2505 2658 2573 datam
2698 2527 2845 2575 esse
2875 2506 3306 2597 apparuerit,
3356 2504 3905 2592 invenireturque
3935 2510 4237 2585 senator,

938 2641 1058 2731 qui
1099 2661 1310 2728 quum
1344 2636 1567 2728 judex
1615 2644 1829 2720 esset,
1880 2636 1951 2701 in
1987 2635 2235 2705 eodem
2264 2634 2543 2726 judicio
2580 2648 2650 2706 et
2681 2611 2769 2704 ab
2811 2658 2932 2704 ree
2965 2636 3325 2729 pecuniam
3365 2639 3750 2728 acciperet,
3801 2657 4003 2724 quam
4036 2633 4236 2725 judi—

937 2772 1138 2838 cibus
1198 2768 1544 2850 diigideret
1569 2816 1590 2851 ,
1662 2775 1730 2833 et
1770 2765 1858 2831 ab
1916 2774 2346 2852 accusatore,
2399 2777 2473 2835 ut
2509 2790 2700 2835 reum
2726 2766 3230 2837 condemnaret.
3329 2765 3617 2834 Scilicet
3667 2766 3789 2834 ille
3849 2766 3908 2834 is
3952 2762 4238 2832 Senatus

931 2898 1087 2984 fuit,
1120 2899 1187 2965 in
1214 2919 1443 2986 quem,
1485 2895 1836 2966 exstinctis
1868 2918 1996 2986 per
2020 2897 2340 2996 diuturna
2379 2896 2723 2968 bellorum
2755 2897 3064 2964 civilium
3103 2896 3505 2965 detrimenta
3530 2946 3550 2983 ,
3585 2897 3667 2965 O.
3702 2896 3912 2964 Marii
3942 2895 4238 2986 primum

934 3029 1382 3116 crudelitate,
1433 3051 1591 3098 mox
1631 3027 2138 3120 proscriptione
2164 3023 2480 3108 Sullana,
2529 3026 3121 3115 praestantissimis
3153 3025 3577 3116 reipublicae
3620 3026 4029 3111 luminibus,
4071 3046 4232 3115 per-

934 3160 1310 3229 ditissimus
1359 3160 1651 3248 quisque
1709 3180 1795 3227 ex
1840 3156 2125 3227 Sullana
2180 3156 2301 3225 ills
2351 3157 2637 3228 cohorte
2690 3160 3096 3250 irrepserat,
3162 3160 3474 3230 homines
3529 3162 3874 3248 luxuriae,
3925 3159 4232 3251 rapinae,

934 3291 1191 3363 civium
1229 3290 1719 3377 sociorumque
1740 3289 2076 3358 vexationi
2107 3309 2235 3379 per
2275 3287 2561 3380 longum
2596 3311 2793 3359 usum
2821 3293 3069 3360 asueti
3096 3341 3116 3377 ,
3163 3313 3249 3359 ex
3287 3313 3369 3361 eo
3398 3291 3698 3379 denique
3733 3313 4027 3381 genere,
4064 3313 4234 3380 quo·

932 3439 1085 3485 rum
1121 3417 1456 3507 plurimos
1494 3428 1780 3508 postea,
1818 3440 2027 3507 quum
2057 3418 2149 3486 ob
2188 3421 2374 3487 varia
2406 3421 2664 3510 probra
2694 3420 3038 3489 Censoriis
3075 3422 3252 3489 notis
3281 3420 3532 3489 Senatu
3569 3419 3736 3486 moti
3771 3431 4033 3506 efflent,
4079 3440 4234 3489 cum
4327 3518 4334 3521 μ

933 3546 1229 3618 catilina
1258 3547 1347 3614 ad
1385 3547 1809 3636 reipublicae
1834 3549 2212 3638 perniciem
2256 3549 2650 3640 conjurasse
2685 3552 3008 3618 novimus.
3106 3550 3308 3619 Adeo
3343 3560 3567 3618 tamen
3603 3549 3746 3618 late
3783 3551 3914 3642 p'er
3945 3551 4234 3641 pessima

929 3676 1208 3745 illorum
1246 3672 1632 3768 temporum
1664 3679 1976 3767 exempla
2024 3699 2288 3745 morum
2329 3679 2721 3770 corruptela
2753 3679 3187 3747 disseminata
3223 3681 3482 3765 fuerat,
3531 3689 3608 3748 ut
3641 3704 3727 3749 ne
3755 3680 4042 3749 sublatis
4077 3679 4232 3766 qui-

930 3806 1093 3875 dem
1147 3808 1423 3899 legibus
1462 3806 1762 3876 Sullanis
1810 3806 2200 3894 mutataque
2253 3804 2503 3874 eodem
2541 3807 2702 3893 illo,
2753 3829 2891 3895 quo
2953 3809 3026 3885 in
3071 3810 3360 3879 Verrem
3404 3809 3652 3880 Cicero
3709 3810 4017 3893 dixerat,
4057 3828 4231 3874 auno

927 3936 1194 4029 perCn.
1219 3936 1628 4030 Pompejum
1662 3937 1815 4007 Cos.
1837 3936 2267 4029 judiciorum
2288 3936 2773 4029 descriptione,
2796 3940 3084 4043 pristina
3111 3943 3423 4032 probitas
3447 3962 3840 4029 morumque
3873 3935 4240 4028 integritas

928 4071 1226 4157 rediret,
1276 4091 1403 4138 nec
1438 4071 1728 4161 Equites
1761 4080 1998 4162 postea
2020 4120 2040 4156 ,
2093 4091 2217 4139 nec
2256 4070 2550 4139 Tribuni
2601 4072 2884 4158 aerarii,
2928 4093 3101 4161 quos
3150 4081 3414 4141 aeratos
3445 4071 3637 4141 haud
3671 4070 3940 4163 inlice-te
3982 4068 4232 4140 Cicero

928 4202 1231 4292 appellat
1289 4190 1564 4292 (Epists
1610 4203 1702 4270 ad
1760 4202 1973 4273 Attic-
2022 4201 2079 4268 1.
2138 4200 2254 4270 16.
2294 4199 2378 4290 2)
2399 4250 2420 4287 ,
2468 4201 2877 4291 quibuscum
2914 4202 3187 4308 judicia
3229 4210 3374 4270 tum
3417 4204 3909 4272 communicata
3954 4212 4140 4287 sunt,
4185 4223 4228 4268 a

928 4331 1387 4422 corruptionis
1424 4332 1703 4400 infamia
1742 4334 2076 4439 immunes
2113 4356 2189 4403 se
2226 4347 2667 4425 praestarent.
2716 4338 3055 4430 Exemplo
3085 4338 3176 4406 sit
3207 4338 3545 4407 Catilinae
3577 4358 3784 4408 causa
3807 4387 3827 4424 ,
3877 4338 3994 4426 qui
4020 4352 4228 4437 quum

898 4438 1086 4554 'post
1130 4464 1429 4534 reditum
1479 4485 1564 4531 ex
1611 4464 1849 4534 Africa
1877 4517 1897 4554 ,
1947 4489 2154 4556 quam
2202 4490 2288 4537 ex
2351 4470 2675 4560 praetura
2724 4469 3152 4561 provinciam
3209 4462 3636 4553 obtinuerat,
3701 4464 4234 4558 repetundarum

926 4597 1275 4684 peteretur
1306 4595 1662 4683 Torquato
1701 4603 1769 4661 et
1793 4592 1994 4667 Cotta
2024 4598 2258 4686 coss„
2307 4621 2464 4673 cum
2493 4602 2761 4672 summa
2793 4602 3082 4672 Senatus
3109 4609 3177 4668 et
3205 4598 3537 4713 bonorum
3570 4600 3875 4669 omnium
3910 4599 4239 4691 indigna—
