4782 6002
2753 116 2850 187 60

1396 239 1403 248 0
1505 271 1748 343 Datur
1799 267 2109 370 quidem
2157 266 2360 340 utilis
2400 211 2944 380 hypothecaria
2982 264 3377 384 creditori,
3421 267 3572 369 qui
3596 266 3944 371 deeeptus
3988 286 4101 342 est
4146 286 4226 342 et

1406 396 1791 494 ignorabat
1829 394 2153 467 alienam
2201 418 2346 467 esse
2386 419 2550 466 rem
2596 419 2765 495 quae
2804 392 2945 495 ipsi
2988 392 3293 496 pignori
3338 391 3679 510 dabatur.

1970 677 2049 761 5.
2053 671 2083 704 ⁰
2144 678 2278 758 De
2330 677 2800 790 hypotheca*
2859 674 3120 758 tacite
3176 679 3655 774 contr-act&

1510 905 1585 976 Si
1626 903 1794 1003 quis
1823 928 1961 1004 pro
2000 926 2091 973 eo
2127 898 2338 1001 quod
2374 925 2462 971 ex
2494 924 2706 972 causa
2751 897 3262 974 transactionis
3294 839 3895 1002 promittebatur,
3936 902 4209 1002 pignus

1411 1006 1643 1113 dedit,
1677 1024 1897 1138 tacite
1925 1050 2226 1128 quoque
2248 1024 2443 1099 illud
2479 1022 2834 1124 obligasse
2867 1003 3321 1144 intelligetur
3354 1052 3495 1127 pro
3522 1027 3763 1100 vetere
3784 1043 4199 1120 contractu,

1398 1155 1469 1227 si
1515 1151 1993 1230 transactioni
2042 1176 2197 1223 non
2242 1166 2489 1223 stetur.

1516 1284 1602 1352 In
1637 1278 1821 1352 duas
1850 1276 2119 1381 species
2151 1273 2600 1350 dividuntur
2637 1224 3077 1376 hypothecoe
3104 1240 3321 1348 tacite
3352 1292 3781 1370 contraetae,
3825 1302 3995 1377 quae
4035 1297 4205 1351 sunt

1415 1404 1758 1508 speciales
1801 1421 1874 1477 et
1914 1401 2299 1503 generales.

1512 1529 1874 1632 Speciales
1910 1545 2125 1601 sunt:

1522 1688 1579 1730 1.
1582 1655 2001 1729 ⁰Tacitum
2061 1651 2340 1757 pignus
2382 1652 2589 1755 quod
2637 1652 2915 1728 locator
2964 1573 3419 1757 praediorum
3461 1617 3933 1729 urbanorum
3981 1655 4208 1731 habet

1374 1761 1381 1770 ‘
1418 1785 1497 1857 in
1545 1780 1851 1856 invectis
1894 1798 1966 1854 et
2018 1779 2256 1854 illatis.
2302 1778 2620 1853 Inducta
2656 1778 2909 1882 accipe
2946 1777 3041 1853 de
3074 1779 3293 1868 rebus
3323 1805 3397 1858 se
3435 1777 3940 1880 moventibus,
3977 1778 4203 1860 nimi-

1415 1937 1587 1984 rum
1628 1906 2117 1994 animalibus,
2148 1923 2219 1978 et
2262 1873 2684 2008 mancipiis,
2724 1905 2930 1979 illata
2974 1905 3070 2002 de
3107 1905 3332 1980 rebus
3374 1906 3762 1998 inanimis;

1464 2035 1469 2041 ’
1517 2036 1608 2108 2⁰
1660 2039 1747 2108 In
1789 2031 2089 2137 praediis
2125 2031 2418 2107 rusticis
2447 2031 2733 2143 fructus
2764 2021 2900 2133 qui
2927 2031 3036 2105 ibi
3071 2050 3478 2108 nascuntur
3513 2011 3736 2107 tacite
3772 2032 4216 2135 intelligam.

1417 2183 1542 2236 tur
1597 2161 1895 2266 pignori
1951 2185 2098 2234 esse
2143 2159 2455 2235 domino
2496 2131 2717 2233 fundi
2762 2159 3022 2248 locati,
3066 2160 3291 2235 etiam
3325 2161 3383 2235 si
3422 2161 3874 2245 nominatim
3923 2162 4003 2237 id
4047 2189 4208 2237 non

1415 2289 1878 2375 convenerit,
1912 2285 2037 2361 sed
2083 2312 2239 2360 non
2287 2286 2369 2360 in
2416 2284 2724 2359 invectis
2760 2303 2832 2359 et
2875 2284 3116 2361 illatis.
4209 2261 4216 2267 ’

1519 2414 1951 2490 Notandum
2006 2411 2152 2488 hoc
2190 2411 2526 2510 ,tacitum
2577 2410 2848 2514 pignus
2911 2411 3330 2492 obtinuisse,
3378 2413 3807 2494 duntaxat
3788 2401 3871 2487 iti
3923 2413 4209 2489 aedibus
4275 2493 4282 2500 ,

1417 2561 1768 2644 utraequae
1804 2541 2059 2614 Romae
2098 2555 2230 2612 aut
2264 2537 2347 2610 in
2389 2563 2650 2611 earum
2677 2537 3070 2611 territorio.
3113 2539 3278 2612 Hoc
3313 2536 3428 2638 jus
3463 2556 3712 2614 autem
3741 2540 4207 2614 Justinianus

1419 2691 1492 2744 et
1523 2654 1622 2744 ad
1670 2666 2091 2772 provincias
2134 2665 2416 2769 porrigi
2459 2663 2716 2739 voluit.
3073 2665 3074 2668 ’

1525 2793 1965 2870 Videndum
2012 2811 2119 2867 est
2163 2809 2414 2866 tamen
2464 2816 2562 2864 ne
2604 2790 2858 2864 omnia
2903 2790 3149 2876 illata,
3191 2741 3314 2865 sed
3359 2816 3441 2865 ea
3485 2792 3634 2865 sola
3678 2777 3845 2898 quas
3900 2792 4206 2868 inducta

1416 2922 1729 3010 fuerint,
1750 2918 2064 3031 pignori
2109 2918 2287 3009 sint3
3881 2992 3888 2998 ,

1526 3049 1621 3123 50
1669 3047 2311 3124 Senatusconsulto
2367 3045 2572 3148 quod
2639 3045 2775 3118 sub
2843 3024 3101 3119 Marco
3187 3045 3652 3186 imperatore
3725 3046 4006 3122 factum
4064 3066 4169 3121 est
4189 3102 4213 3135 ,

1425 3179 1693 3280 pignus
1754 3175 2049 3261 insulae,
2117 3171 2469 3248 creditori
2521 3171 2785 3246 datum
2845 3171 2980 3273 qui
3052 3172 3450 3275 pecuniam
3509 3172 3607 3247 ob
3667 3173 4210 3265 restitutionem

1420 3301 1717 3377 aedificii
1776 3296 2164 3374 extruendi
2215 3314 2560 3371 mutuam
2613 3295 2822 3371 dedit
2862 3292 2964 3370 ad
3017 3322 3192 3379 eum
3231 3314 3562 3399 quoque
3596 3292 4033 3405 pertinebit,
4072 3300 4211 3400 qui

1425 3424 1876 3529 redemptori
1906 3422 2218 3499 domino
2245 3413 2690 3510 mandante,
2729 3449 3077 3497 nummos
3108 3422 3604 3516 ministravit,

1529 3550 1626 3643 4.0
1674 3549 1975 3623 Habent
2031 3574 2330 3650 quoque
2384 3546 2659 3650 pupilli
2717 3544 2834 3646 jus
2885 3545 3089 3620 taciti
3149 3546 3480 3649 pignoris
3535 3548 3618 3621 in
3657 3548 3877 3639 rebus
3910 3576 4078 3652 quae
4121 3576 4211 3623 ex

1422 3677 1759 3779 ipsorum
1801 3671 2114 3777 pecunia
2163 3691 2431 3775 emptae
2470 3689 2678 3761 sunt3
3036 3738 3044 3746 .
3357 3739 3366 3745 .
3705 3704 3710 3711 ·
4273 3744 4282 3749 .

1531 3801 1624 3876 5.⁰
1674 3799 2042 3877 Uxoribus
2101 3798 2337 3872 tacita
2385 3796 2610 3871 datur
2677 3794 3097 3903 hypotheca
3158 3824 3314 3917 pro
3366 3797 3825 3929 restitutione
3885 3799 4145 3874 dotis
4127 3828 4214 3873 1n

1284 3942 1289 3951 “
1364 3940 1367 3945 ’
1424 3928 1641 4002 bonis
1686 3927 1865 4017 viri;

1523 4053 1622 4129 6.⁰
1673 4059 1857 4128 Item
1901 4079 1989 4127 ex
2026 4051 2556 4127 constitutione
2596 4051 2644 4121 J
2649 4066 3005 4125 ustlnlam
3064 4050 3429 4163 legatariis
3487 4071 3560 4126 et
3604 4052 4222 4147 fideicommissa·-

1427 4180 1559 4255 riis
1596 4182 1677 4253 in
1707 4180 1923 4253 bonis
1960 4176 2314 4255 defuncti.
2633 4179 2638 4184 ’
