4782 6002
3892 555 4027 630 23

804 740 1489 818 Mmmnucms
1543 736 1645 810 ita
1702 735 1981 829 statuit,
2053 742 2132 811 nt
2186 733 2497 813 heredes
2544 759 2631 814 re
2679 739 3008 837 conjunti
3030 794 3053 834 ,
3116 742 3219 834 si,
3292 764 3451 818 eum
3499 740 3888 822 heredibus
3938 772 4052 824 re¹

608 889 686 962 et
737 881 992 960 verbis
1025 877 1461 978 'conjunctis
1519 881 1983 964 concurrant,
2033 877 2176 976 ipsi
2228 882 2558 976 tanquam
2599 901 2686 955 re
2742 885 2817 953 et
2866 879 3116 955 verbis
3168 882 3538 985 conjuncti
3585 885 4023 986 respiciendi

606 1027 790 1113 siut,
843 1018 1039 1120 quod
1091 1022 1243 1120 jam
1295 1040 1396 1094 ex
1458 1020 1741 1092 ratione
1788 1018 2144 1128 sermonis
2215 1023 2289 1092 et
2350 1041 2577 1094 sanae
2651 1022 3259 1122 interpretationis
3323 1026 3422 1096 ita
3481 1024 4021 1124 intelligendum

457 1140 462 1144 .
605 1168 727 1241 sit.
826 1158 1246 1240 Secundum
1294 1155 1483 1233 hanc
1540 1160 1966 1234 sententiam
2015 1159 2109 1253 ii,
2176 1161 2295 1258 qui
2358 1160 2518 1233 sine
2566 1165 2774 1259 parte
2830 1164 3132 1238 instituti
3190 1168 3395 1257 sunt,
3482 1185 3564 1239 re
3631 1170 3708 1240 et
3773 1166 4023 1242 verbis

607 1311 894 1406 quoque
941 1301 1313 1403 conjuncti
1362 1306 1647 1373 essent:
1718 1297 1855 1374 se'd
1909 1299 2074 1375 talis
2141 1300 2568 1403 conjectura
2620 1323 2853 1398 neque
2898 1324 2997 1376 ex
3057 1301 3223 1405 jure
3268 1306 3558 1402 antiquo
3628 1326 3864 1403 neque
3918 1327 4022 1381 ex

613 1444 777 1551 jure
823 1442 1019 1539 legis
1069 1436 1338 1515 Juliae
1386 1445 1461 1514 et
1508 1438 1804 1539 Papiae
1853 1437 2260 1539 Poppaeae
2304 1438 2595 1515 defendi
2644 1425 2928 1541 potes't,
2982 1441 3177 1541 quod
3224 1444 3389 1547 jure
3437 1446 3724 1544 antiquo
3768 1467 4021 1520 omnes

562 1584 679 1661 -hi
726 1581 1045 1660 heredes
1100 1603 1436 1657 sermone
1501 1580 1702 1656 nullo
1756 1580 1974 1656 modo
2036 1590 2206 1658 suut
2263 1580 2673 1684 conjuncti,
2727 1588 2800 1657 et
2855 1580 3050 1680 quod
3105 1587 3181 1657 in
3212 1583 3785 1686 jurisprudentia
3821 1584 4017 1682 legis

609 1723 878 1800 Juliae
936 1728 1012 1798 et
1058 1721 1159 1797 P.
1211 1721 1313 1799 P.
1366 1728 1502 1795 tam
1551 1743 1635 1796 re
1698 1722 2101 1826 conjuncti,
2151 1746 2359 1820 quam
2405 1723 2567 1796 sine
2615 1728 2821 1822 parte
2867 1726 3160 1818 vocati,
3215 1747 3372 1799 cum
3410 1723 3485 1798 hi
3533 1724 3786 1818 verbis
3836 1745 4020 1800 con-

606 1865 842 1970 juncti
895 1885 1065 1938 esse
1119 1853 1472 1964 possent,
1521 1863 1855 1963 potiores
1905 1863 2231 1957 fuerunt,
2287 1885 2489 1962 quam
2541 1870 2786 1964 patres
2842 1868 2919 1938 et
2963 1864 3209 1940 fiscus.
3311 1865 3545 1963 Igitur
3593 1867 3664 1939 in
3711 1868 3845 1959 iis,
3898 1867 4021 1962 qui

606 2009 770 2082 sine
823 2012 1031 2107 parte
1096 2006 1401 2078 instituti
1461 2010 1667 2098 sunt,
1720 2026 1822 2079 ex
1877 2003 2264 2080 verborum
2314 2006 2794 2105 conceptione
2850 2005 3013 2104 ipsa
3057 2026 3178 2080 res
3231 2003 3612 2106 pependit,
3664 2013 3740 2079 ut
3786 2003 4020 2079 Mu-

607 2169 793 2221 nnus
863 2142 1323 2245 comprobat,
1403 2166 1566 2221 eum
1629 2151 1864 2220 autem
1916 2145 1989 2220 in
2034 2145 2231 2243 legis
2299 2145 2418 2220 17.
2482 2155 2607 2235 so.
2663 2146 2733 2221 1.
2795 2146 2891 2222 1).
2936 2146 3057 2222 28.
3116 2147 3188 2221 5.
3241 2149 3335 2241 ii,
3406 2149 3527 2242 qui
3583 2150 3743 2220 sine
3814 2151 4022 2245 parte

606 2287 859 2388 scripti
915 2292 1123 2378 sunt,
1174 2283 1425 2360 verbis
1476 2286 1846 2389 conjuncti
1909 2307 2058 2361 non
2107 2294 2398 2383 esseut,
2465 2290 2719 2363 merito
2760 2284 3008 2364 Jctus
3053 2289 3480 2365 senteutiam
3524 2310 3723 2362 suam
3768 2290 4023 2386 protu-

608 2424 703 2500 lit·
757 2449 958 2523 quam
1009 2423 1267 2526 probo.
1336 2448 1358 2467 ·

806 2591 1074 2667 Enna
1122 2597 1202 2667 et
1253 2590 1709 2665 Tmnsnmms
1778 2593 1940 2665 sine
1994 2595 2202 2691 parte
2263 2594 2576 2665 vocatos
2635 2588 2885 2665 verbis
2938 2589 3376 2692 conjunctos
3441 2606 3610 2660 esse
3664 2589 4022 2682 statuunt,

607 2730 922 2832 ideoque
980 2754 1081 2807 ex
1143 2731 1304 2835 jure
1347 2733 1647 2829 antiquo
1705 2752 1854 2806 non
1893 2751 2063 2806 esse
2113 2733 2549 2829 conjunctos
2589 2734 3083 2830 praesumunt,
3136 2725 3333 2824 quod
3383 2724 3517 2802 vix
3565 2718 4019 2817 crediderim,

609 2894 752 2949 nec
801 2872 881 2948 id
930 2895 1091 2948 cum
1140 2895 1320 2948 sana
1367 2874 1960 2973 interpretatione
1999 2870 2314 2945 Mamm
2360 2872 2741 2946 consentit.

816 3034 906 3115 Si
972 3036 1359 3114 verborum
1413 3036 1998 3142 conjunctionem
2057 3032 2383 3113 eximere
2429 3019 2627 3113 velis
2641 3091 2664 3131 ,
2733 3038 2892 3110 sine
2950 3039 3157 3137 parte
3223 3032 3481 3108 vocati
3546 3052 3782 3127 neque
3853 3029 4022 3133 ’jure

612 3178 901 3275 antiquo
955 3201 1190 3276 neque
1242 3198 1447 3252 novo
1510 3178 1883 3280 conjuncti
1928 3186 2144 3253 sunt=
2195 3176 2366 3255 ideo
2418 3179 2485 3252 si
2544 3178 2701 3276 quis
2753 3197 2998 3252 eorum
3061 3172 3391 3268 deficiat,
3462 3193 3707 3246 omnes
3757 3168 4022 3268 ubique

610 3314 926 3393 heredes
963 3319 1134 3416 jure
1179 3316 1653 3395 accrescendi
1705 3320 1805 3392 uti
1855 3322 2181 3417 possunt.
2223 3362 2324 3381 —

808 3481 914 3556 B.
1020 3481 1241 3574 Quod
1288 3482 1385 3558 ad
1434 3438 1683 3582 legata
1727 3486 2020 3576 attinet,
2084 3480 2273 3559 haec
2321 3473 2785 3552 observanda
2826 3482 3032 3552 sunta

814 3645 1049 3738 Quum
1096 3650 1372 3741 omnia,
1433 3652 1615 3746 quae
1668 3648 1744 3720 iu
1790 3645 2119 3749 Digestis
2167 3654 2240 3722 et
2283 3647 2358 3719 in
2395 3642 2965 3719 Institutionibus
3016 3647 3370 3744 excerpta
3428 3647 3504 3716 et
3552 3640 3784 3716 relata
3832 3643 4021 3730 sunt,

615 3785 794 3862 nihil
837 3787 1053 3888 plane
1099 3786 1443 3882 valeant,
1510 3789 1575 3861 si
1636 3784 1730 3860 ad
1789 3791 2092 3889 mentem
2154 3785 2347 3885 legis
2410 3782 2704 3859 ultimae
2754 3781 2949 3860 Cod.
3002 3782 3097 3860 de
3157 3781 3454 3860 caducis
3504 3777 3845 3855 tollendis
3896 3799 4021 3852 re-

614 3928 925 4026 spicias,
978 3934 1051 4002 et
1101 3950 1259 4003 cum
1303 3923 1479 4000 inde
1528 3929 1779 4025 negari
1846 3948 1990 4002 nou
2045 3929 2318 4028 possit,
2371 3932 2712 4001 auctores
2767 3924 3127 4002 classicos
3176 3949 3222 3998 a
3270 3921 3713 3997 Justiniano
3770 3920 4022 3994 merito

616 4086 789 4141 esse
836 4065 1256 4163 neglectos,
1311 4069 1477 4164 quia
1530 4066 1627 4142 de
1677 4070 1852 4167 jure
1893 4068 2130 4144 solum
2177 4068 2371 4167 legis
2421 4064 2688 4143 Iuliae
2737 4073 2812 4142 et
2863 4065 3157 4165 Papiae
3203 4062 3563 4163 Poppeae
3623 4059 3854 4137 verba
3904 4058 4020 4131 fe-

621 4211 899 4300 cerunt,
931 4203 1362 4283 Jmtz‘niani
1413 4211 1601 4283 ratio
1651 4208 1837 4286 haec
1893 4209 2125 4285 fuisse
2182 4206 2509 4302 videtur,
2571 4213 2649 4282 ut
2711 4209 2784 4282 in
2848 4211 3017 4307 jure
3083 4200 3557 4281 accrescendi
3616 4199 4023 4296 legatorum

620 4346 862 4419 omnia
905 4345 1061 4423 fere
1106 4370 1206 4423 ex
1250 4347 1423 4447 lege
1468 4351 1685 4425 unica
1726 4347 1921 4427 Cod.
1970 4348 2066 4425 de
2125 4347 2383 4430 caduc.
2437 4345 2600 4429 toll.
2652 4343 2994 4422 sumenda
3038 4353 3112 4421 et
3155 4340 3594 4447 explicanda
3641 4342 3805 4415 sint.

824 4512 1031 4605 Quae
1097 4538 1258 4591 cum
1315 4517 1418 4591 ita
1461 4537 1546 4590 se
1599 4514 1946 4612 habeant,
2021 4517 2221 4617 prins
2285 4518 2826 4617 interpretemur
2898 4511 3087 4589 hanc
3182 4511 3792 4602 constitutianem,
3881 4513 4024 4581 tum

626 4652 977 4750 quaedam
1026 4654 1200 4734 loca
1247 4659 1322 4733 in
1371 4656 1762 4734 pandectis
1823 4656 2046 4735 obvia
2084 4657 2499 4733 referamus.
2690 4654 2694 4658 ’
