<?xml version="1.0" encoding="UTF-8"?>
<!DOCTYPE html PUBLIC "-//W3C//DTD XHTML 1.0 Transitional//EN"
    "http://www.w3.org/TR/xhtml1/DTD/xhtml1-transitional.dtd">
<html xmlns="http://www.w3.org/1999/xhtml" xml:lang="en" lang="en">
 <head>
  <title>
</title>
<meta http-equiv="Content-Type" content="text/html;charset=utf-8" />
  <meta name='ocr-system' content='tesseract 3.04.00' />
  <meta name='ocr-capabilities' content='ocr_page ocr_carea ocr_par ocr_line ocrx_word'/>
</head>
<body>
  <div class='ocr_page' id='page_1' title='image "./diesinterpellat00beckgoog_0179.png"; bbox 0 0 4782 6002; ppageno 0'>
   <div class='ocr_carea' id='block_1_1' title="bbox 134 35 568 175">
    <p class='ocr_par' dir='ltr' id='par_1_1' title="bbox 134 35 568 175">
     <span class='ocr_line' id='line_1_1' title="bbox 134 35 568 175; baseline 0 -47"><span class='ocrx_word' id='word_1_1' title='bbox 134 35 568 175; x_wconf 47' lang='lat' dir='ltr'><strong>-r</strong></span> 
     </span>
    </p>
   </div>
   <div class='ocr_carea' id='block_1_2' title="bbox 480 434 3330 1120">
    <p class='ocr_par' dir='ltr' id='par_1_2' title="bbox 480 434 3330 1120">
     <span class='ocr_line' id='line_1_2' title="bbox 1905 434 1949 504; baseline 0 0"><span class='ocrx_word' id='word_1_2' title='bbox 1905 434 1949 504; x_wconf 84' lang='lat'><strong>3</strong></span> 
     </span>
     <span class='ocr_line' id='line_1_3' title="bbox 480 563 3330 687; baseline 0.001 -30"><span class='ocrx_word' id='word_1_3' title='bbox 480 563 489 571; x_wconf 48' lang='grc'><strong>’</strong></span> <span class='ocrx_word' id='word_1_4' title='bbox 529 586 764 658; x_wconf 87' lang='lat' dir='ltr'><strong>statim</strong></span> <span class='ocrx_word' id='word_1_5' title='bbox 809 585 1156 674; x_wconf 80' lang='lat' dir='ltr'><strong>traditur,</strong></span> <span class='ocrx_word' id='word_1_6' title='bbox 1211 612 1349 658; x_wconf 86' lang='lat' dir='ltr'><strong>non</strong></span> <span class='ocrx_word' id='word_1_7' title='bbox 1395 587 1707 686; x_wconf 76' lang='lat' dir='ltr'><strong>impleta,</strong></span> <span class='ocrx_word' id='word_1_8' title='bbox 1760 611 1927 658; x_wconf 90' lang='lat' dir='ltr'><strong>cum</strong></span> <span class='ocrx_word' id='word_1_9' title='bbox 1966 600 2248 659; x_wconf 89' lang='lat' dir='ltr'><strong>tantum</strong></span> <span class='ocrx_word' id='word_1_10' title='bbox 2292 585 2379 658; x_wconf 87' lang='lat' dir='ltr'><strong>ad</strong></span> <span class='ocrx_word' id='word_1_11' title='bbox 2421 610 2571 658; x_wconf 87' lang='lat' dir='ltr'><strong>eam</strong></span> <span class='ocrx_word' id='word_1_12' title='bbox 2610 584 2917 658; x_wconf 89' lang='lat' dir='ltr'><strong>dandam</strong></span> <span class='ocrx_word' id='word_1_13' title='bbox 2958 612 3030 660; x_wconf 87' lang='lat' dir='ltr'><strong>se</strong></span> <span class='ocrx_word' id='word_1_14' title='bbox 3067 586 3330 687; x_wconf 88' lang='lat' dir='ltr'><strong>obligat</strong></span> 
     </span>
     <span class='ocr_line' id='line_1_4' title="bbox 527 712 848 785; baseline 0 -2"><span class='ocrx_word' id='word_1_15' title='bbox 527 712 848 785; x_wconf 88' lang='lat' dir='ltr'><strong>donator.</strong></span> 
     </span>
     <span class='ocr_line' id='line_1_5' title="bbox 1725 1047 2145 1120; baseline -0.002 0"><span class='ocrx_word' id='word_1_16' title='bbox 1725 1047 2010 1120; x_wconf 86' lang='lat' dir='ltr'>CAPUT</span> <span class='ocrx_word' id='word_1_17' title='bbox 2061 1049 2145 1120; x_wconf 86' lang='grc' dir='ltr'><strong>Π.</strong></span> 
     </span>
    </p>
   </div>
   <div class='ocr_carea' id='block_1_3' title="bbox 1209 1285 2677 1395">
    <p class='ocr_par' dir='ltr' id='par_1_3' title="bbox 1209 1285 2677 1395">
     <span class='ocr_line' id='line_1_6' title="bbox 1209 1285 2677 1395; baseline 0.002 -25"><span class='ocrx_word' id='word_1_18' title='bbox 1209 1285 1302 1371; x_wconf 75' lang='lat' dir='ltr'><strong>lle</strong></span> <span class='ocrx_word' id='word_1_19' title='bbox 1349 1285 1452 1371; x_wconf 80' lang='lat' dir='ltr'><strong>his</strong></span> <span class='ocrx_word' id='word_1_20' title='bbox 1502 1286 1607 1395; x_wconf 79' lang='lat' dir='ltr'><strong>qui</strong></span> <span class='ocrx_word' id='word_1_21' title='bbox 1658 1286 1891 1373; x_wconf 75' lang='lat' dir='ltr'><strong>donare</strong></span> <span class='ocrx_word' id='word_1_22' title='bbox 1937 1293 2002 1372; x_wconf 79' lang='lat' dir='ltr'><strong>et</strong></span> <span class='ocrx_word' id='word_1_23' title='bbox 2048 1286 2340 1395; x_wconf 72' lang='lat' dir='ltr'><strong>accipere</strong></span> <span class='ocrx_word' id='word_1_24' title='bbox 2388 1293 2677 1394; x_wconf 72' lang='lat' dir='ltr'><strong>possunt.</strong></span> 
     </span>
    </p>
   </div>
   <div class='ocr_carea' id='block_1_4' title="bbox 541 1560 3359 2291">
    <p class='ocr_par' dir='ltr' id='par_1_4' title="bbox 541 1560 3359 2291">
     <span class='ocr_line' id='line_1_7' title="bbox 640 1560 3342 1659; baseline 0.001 -28"><span class='ocrx_word' id='word_1_25' title='bbox 640 1563 916 1633; x_wconf 87' lang='lat' dir='ltr'><strong>Donare</strong></span> <span class='ocrx_word' id='word_1_26' title='bbox 967 1577 1267 1658; x_wconf 83' lang='lat' dir='ltr'><strong>possunt.</strong></span> <span class='ocrx_word' id='word_1_27' title='bbox 1317 1586 1564 1633; x_wconf 88' lang='lat' dir='ltr'><strong>omnes</strong></span> <span class='ocrx_word' id='word_1_28' title='bbox 1617 1561 1884 1659; x_wconf 89' lang='lat' dir='ltr'><strong>quibus</strong></span> <span class='ocrx_word' id='word_1_29' title='bbox 1939 1562 2157 1633; x_wconf 89' lang='lat' dir='ltr'><strong>libera</strong></span> <span class='ocrx_word' id='word_1_30' title='bbox 2194 1560 2565 1658; x_wconf 80' lang='lat' dir='ltr'><strong>dispositio</strong></span> <span class='ocrx_word' id='word_1_31' title='bbox 2605 1576 2708 1632; x_wconf 87' lang='lat' dir='ltr'><strong>est</strong></span> <span class='ocrx_word' id='word_1_32' title='bbox 2754 1587 2991 1633; x_wconf 86' lang='lat' dir='ltr'><strong>rerum</strong></span> <span class='ocrx_word' id='word_1_33' title='bbox 3025 1587 3342 1634; x_wconf 87' lang='lat' dir='ltr'><strong>suarum.</strong></span> 
     </span>
     <span class='ocr_line' id='line_1_8' title="bbox 649 1686 3347 1785; baseline 0 -27"><span class='ocrx_word' id='word_1_34' title='bbox 649 1690 777 1759; x_wconf 86' lang='lat' dir='ltr'><strong>Res</strong></span> <span class='ocrx_word' id='word_1_35' title='bbox 828 1712 992 1759; x_wconf 86' lang='lat' dir='ltr'><strong>suas</strong></span> <span class='ocrx_word' id='word_1_36' title='bbox 1041 1686 1307 1759; x_wconf 88' lang='lat' dir='ltr'><strong>donare</strong></span> <span class='ocrx_word' id='word_1_37' title='bbox 1361 1712 1506 1759; x_wconf 89' lang='lat' dir='ltr'><strong>non</strong></span> <span class='ocrx_word' id='word_1_38' title='bbox 1562 1701 1861 1784; x_wconf 82' lang='lat' dir='ltr'><strong>possunt</strong></span> <span class='ocrx_word' id='word_1_39' title='bbox 1915 1687 2172 1784; x_wconf 91' lang='lat' dir='ltr'><strong>pupilli</strong></span> <span class='ocrx_word' id='word_1_40' title='bbox 2230 1712 2356 1757; x_wconf 92' lang='lat' dir='ltr'><strong>nec</strong></span> <span class='ocrx_word' id='word_1_41' title='bbox 2393 1687 2700 1759; x_wconf 88' lang='lat' dir='ltr'><strong>minores</strong></span> <span class='ocrx_word' id='word_1_42' title='bbox 2744 1687 2987 1785; x_wconf 87' lang='lat' dir='ltr'><strong>viginti</strong></span> <span class='ocrx_word' id='word_1_43' title='bbox 3025 1689 3347 1785; x_wconf 88' lang='lat' dir='ltr'><strong>quinque</strong></span> 
     </span>
     <span class='ocr_line' id='line_1_9' title="bbox 541 1813 3346 1911; baseline 0.001 -26"><span class='ocrx_word' id='word_1_44' title='bbox 541 1816 779 1902; x_wconf 89' lang='lat' dir='ltr'><strong>annis,</strong></span> <span class='ocrx_word' id='word_1_45' title='bbox 835 1814 1108 1886; x_wconf 88' lang='lat' dir='ltr'><strong>etiamsi</strong></span> <span class='ocrx_word' id='word_1_46' title='bbox 1173 1816 1375 1887; x_wconf 79' lang='lat' dir='ltr'><strong>venia</strong></span> <span class='ocrx_word' id='word_1_47' title='bbox 1440 1816 1656 1887; x_wconf 82' lang='lat' dir='ltr'><strong>aetatis</strong></span> <span class='ocrx_word' id='word_1_48' title='bbox 1707 1839 1746 1885; x_wconf 92' lang='lat' dir='ltr'><strong>a</strong></span> <span class='ocrx_word' id='word_1_49' title='bbox 1803 1813 2121 1911; x_wconf 80' lang='lat' dir='ltr'>principe</span> <span class='ocrx_word' id='word_1_50' title='bbox 2173 1815 2584 1911; x_wconf 74' lang='lat' dir='ltr'><strong>impetrata,</strong></span> <span class='ocrx_word' id='word_1_51' title='bbox 2638 1829 3047 1887; x_wconf 89' lang='lat' dir='ltr'><strong>curatorum</strong></span> <span class='ocrx_word' id='word_1_52' title='bbox 3103 1829 3346 1888; x_wconf 89' lang='lat' dir='ltr'><strong>aucto-</strong></span> 
     </span>
     <span class='ocr_line' id='line_1_10' title="bbox 547 1923 3353 2039; baseline 0.001 -28"><span class='ocrx_word' id='word_1_53' title='bbox 547 1941 754 2012; x_wconf 89' lang='lat' dir='ltr'><strong>ritate</strong></span> <span class='ocrx_word' id='word_1_54' title='bbox 803 1941 1115 2038; x_wconf 81' lang='lat' dir='ltr'><strong>exempti</strong></span> <span class='ocrx_word' id='word_1_55' title='bbox 1166 1956 1361 2013; x_wconf 91' lang='lat' dir='ltr'><strong>sunt.</strong></span> <span class='ocrx_word' id='word_1_56' title='bbox 1399 1941 1766 2038; x_wconf 85' lang='lat' dir='ltr'><strong>Excipitur</strong></span> <span class='ocrx_word' id='word_1_57' title='bbox 1792 1954 2029 2012; x_wconf 89' lang='lat' dir='ltr'><strong>tamen</strong></span> <span class='ocrx_word' id='word_1_58' title='bbox 2075 1923 2363 2037; x_wconf 83' lang='lat' dir='ltr'><strong>propter</strong></span> <span class='ocrx_word' id='word_1_59' title='bbox 2406 1942 2691 2039; x_wconf 85' lang='lat' dir='ltr'><strong>nuptias</strong></span> <span class='ocrx_word' id='word_1_60' title='bbox 2717 1940 3031 2013; x_wconf 87' lang='lat' dir='ltr'><strong>donatio.</strong></span> <span class='ocrx_word' id='word_1_61' title='bbox 3068 1942 3353 2013; x_wconf 89' lang='lat' dir='ltr'><strong>Tutoris</strong></span> 
     </span>
     <span class='ocr_line' id='line_1_11' title="bbox 549 2065 3356 2167; baseline 0.001 -30"><span class='ocrx_word' id='word_1_62' title='bbox 549 2067 929 2139; x_wconf 84' lang='lat' dir='ltr'><strong>auctoritas</strong></span> <span class='ocrx_word' id='word_1_63' title='bbox 957 2123 974 2153; x_wconf 91' lang='lat'><strong>,</strong></span> <span class='ocrx_word' id='word_1_64' title='bbox 1029 2068 1376 2139; x_wconf 88' lang='lat' dir='ltr'><strong>curatoris</strong></span> <span class='ocrx_word' id='word_1_65' title='bbox 1427 2092 1848 2155; x_wconf 88' lang='lat' dir='ltr'><strong>consensus,</strong></span> <span class='ocrx_word' id='word_1_66' title='bbox 1915 2068 2186 2138; x_wconf 89' lang='lat' dir='ltr'><strong>etiamsi</strong></span> <span class='ocrx_word' id='word_1_67' title='bbox 2240 2068 2523 2139; x_wconf 84' lang='lat' dir='ltr'><strong>decreto</strong></span> <span class='ocrx_word' id='word_1_68' title='bbox 2590 2069 3033 2167; x_wconf 73' lang='lat' dir='ltr'><strong>magistratus</strong></span> <span class='ocrx_word' id='word_1_69' title='bbox 3099 2065 3356 2140; x_wconf 85' lang='lat' dir='ltr'><strong>coufir-</strong></span> 
     </span>
     <span class='ocr_line' id='line_1_12' title="bbox 551 2193 3359 2291; baseline 0 -28"><span class='ocrx_word' id='word_1_70' title='bbox 551 2194 763 2280; x_wconf 88' lang='lat' dir='ltr'><strong>mati,</strong></span> <span class='ocrx_word' id='word_1_71' title='bbox 818 2194 892 2264; x_wconf 91' lang='lat' dir='ltr'><strong>in</strong></span> <span class='ocrx_word' id='word_1_72' title='bbox 949 2194 1084 2265; x_wconf 87' lang='lat' dir='ltr'><strong>hac</strong></span> <span class='ocrx_word' id='word_1_73' title='bbox 1135 2217 1208 2264; x_wconf 86' lang='lat' dir='ltr'><strong>re</strong></span> <span class='ocrx_word' id='word_1_74' title='bbox 1259 2193 1443 2263; x_wconf 87' lang='lat' dir='ltr'><strong>nihil</strong></span> <span class='ocrx_word' id='word_1_75' title='bbox 1501 2207 1826 2289; x_wconf 86' lang='lat' dir='ltr'><strong>prosunt.</strong></span> <span class='ocrx_word' id='word_1_76' title='bbox 1886 2193 2238 2290; x_wconf 90' lang='lat' dir='ltr'><strong>Usucapio</strong></span> <span class='ocrx_word' id='word_1_77' title='bbox 2297 2193 2445 2264; x_wconf 89' lang='lat' dir='ltr'><strong>sola</strong></span> <span class='ocrx_word' id='word_1_78' title='bbox 2498 2217 2646 2264; x_wconf 89' lang='lat' dir='ltr'><strong>rem</strong></span> <span class='ocrx_word' id='word_1_79' title='bbox 2689 2194 3097 2291; x_wconf 89' lang='lat' dir='ltr'><strong>accipientis</strong></span> <span class='ocrx_word' id='word_1_80' title='bbox 3142 2196 3359 2266; x_wconf 83' lang='lat' dir='ltr'><strong>facere</strong></span> 
     </span>
    </p>
   </div>
   <div class='ocr_carea' id='block_1_5' title="bbox 554 2317 3359 2416">
    <p class='ocr_par' dir='ltr' id='par_1_5' title="bbox 554 2317 3359 2416">
     <span class='ocr_line' id='line_1_13' title="bbox 554 2317 3359 2416; baseline -0.001 -27"><span class='ocrx_word' id='word_1_81' title='bbox 554 2330 832 2415; x_wconf 84' lang='lat' dir='ltr'><strong>potest,</strong></span> <span class='ocrx_word' id='word_1_82' title='bbox 899 2341 1065 2389; x_wconf 87' lang='lat' dir='ltr'><strong>cum</strong></span> <span class='ocrx_word' id='word_1_83' title='bbox 1140 2330 1301 2413; x_wconf 89' lang='lat' dir='ltr'><strong>post</strong></span> <span class='ocrx_word' id='word_1_84' title='bbox 1364 2317 1611 2413; x_wconf 83' lang='lat' dir='ltr'><strong>viginti</strong></span> <span class='ocrx_word' id='word_1_85' title='bbox 1672 2317 1997 2415; x_wconf 89' lang='lat' dir='ltr'><strong>quinque</strong></span> <span class='ocrx_word' id='word_1_86' title='bbox 2059 2341 2281 2390; x_wconf 87' lang='lat' dir='ltr'><strong>annos</strong></span> <span class='ocrx_word' id='word_1_87' title='bbox 2338 2318 2704 2414; x_wconf 76' lang='lat' dir='ltr'><strong>impletoS,</strong></span> <span class='ocrx_word' id='word_1_88' title='bbox 2760 2320 2942 2390; x_wconf 88' lang='lat' dir='ltr'><strong>inter</strong></span> <span class='ocrx_word' id='word_1_89' title='bbox 2995 2332 3359 2416; x_wconf 72' lang='lat' dir='ltr'><strong>praesentes</strong></span> 
     </span>
    </p>
   </div>
   <div class='ocr_carea' id='block_1_6' title="bbox 555 2442 3363 2658">
    <p class='ocr_par' dir='ltr' id='par_1_6' title="bbox 555 2442 3363 2658">
     <span class='ocr_line' id='line_1_14' title="bbox 555 2442 3363 2543; baseline 0.001 -29"><span class='ocrx_word' id='word_1_90' title='bbox 555 2442 850 2539; x_wconf 85' lang='lat' dir='ltr'><strong>quidem</strong></span> <span class='ocrx_word' id='word_1_91' title='bbox 888 2443 1313 2515; x_wconf 77' lang='lat' dir='ltr'><strong>decennium</strong></span> <span class='ocrx_word' id='word_1_92' title='bbox 1358 2444 1540 2514; x_wconf 87' lang='lat' dir='ltr'><strong>inter</strong></span> <span class='ocrx_word' id='word_1_93' title='bbox 1573 2444 1894 2514; x_wconf 83' lang='lat' dir='ltr'><strong>absentes</strong></span> <span class='ocrx_word' id='word_1_94' title='bbox 1928 2458 2163 2516; x_wconf 89' lang='lat' dir='ltr'><strong>antem</strong></span> <span class='ocrx_word' id='word_1_95' title='bbox 2206 2444 2611 2516; x_wconf 78' lang='lat' dir='ltr'><strong>vicennium</strong></span> <span class='ocrx_word' id='word_1_96' title='bbox 2634 2501 2649 2530; x_wconf 91' lang='lat'>‚</span> <span class='ocrx_word' id='word_1_97' title='bbox 2687 2444 3030 2516; x_wconf 89' lang='lat' dir='ltr'><strong>donatore</strong></span> <span class='ocrx_word' id='word_1_98' title='bbox 3051 2446 3363 2543; x_wconf 86' lang='lat' dir='ltr'><strong>acquies-</strong></span> 
     </span>
     <span class='ocr_line' id='line_1_15' title="bbox 557 2557 1256 2658; baseline -0.003 -15"><span class='ocrx_word' id='word_1_99' title='bbox 557 2586 797 2658; x_wconf 85' lang='lat' dir='ltr'><strong>cente,</strong></span> <span class='ocrx_word' id='word_1_100' title='bbox 839 2557 1256 2642; x_wconf 86' lang='lat' dir='ltr'><strong>effluxerit.¹</strong></span> 
     </span>
    </p>
   </div>
   <div class='ocr_carea' id='block_1_7' title="bbox 559 2696 3367 2894">
    <p class='ocr_par' dir='ltr' id='par_1_7' title="bbox 559 2696 3367 2894">
     <span class='ocr_line' id='line_1_16' title="bbox 663 2696 3367 2793; baseline 0 -26"><span class='ocrx_word' id='word_1_101' title='bbox 663 2696 1090 2767; x_wconf 86' lang='lat' dir='ltr'><strong>Donationes</strong></span> <span class='ocrx_word' id='word_1_102' title='bbox 1140 2721 1182 2767; x_wconf 90' lang='lat' dir='ltr'><strong>a</strong></span> <span class='ocrx_word' id='word_1_103' title='bbox 1232 2709 1471 2767; x_wconf 90' lang='lat' dir='ltr'><strong>tutore</strong></span> <span class='ocrx_word' id='word_1_104' title='bbox 1523 2696 1628 2766; x_wconf 82' lang='lat' dir='ltr'><strong>vel</strong></span> <span class='ocrx_word' id='word_1_105' title='bbox 1682 2708 2005 2766; x_wconf 87' lang='lat' dir='ltr'><strong>curatore</strong></span> <span class='ocrx_word' id='word_1_106' title='bbox 2056 2696 2206 2766; x_wconf 88' lang='lat' dir='ltr'><strong>sine</strong></span> <span class='ocrx_word' id='word_1_107' title='bbox 2259 2696 2514 2793; x_wconf 83' lang='lat' dir='ltr'><strong>pupilli</strong></span> <span class='ocrx_word' id='word_1_108' title='bbox 2583 2697 2686 2768; x_wconf 89' lang='lat' dir='ltr'><strong>vel</strong></span> <span class='ocrx_word' id='word_1_109' title='bbox 2754 2697 3049 2767; x_wconf 89' lang='lat' dir='ltr'><strong>minoris</strong></span> <span class='ocrx_word' id='word_1_110' title='bbox 3115 2698 3367 2770; x_wconf 82' lang='lat' dir='ltr'><strong>volun-</strong></span> 
     </span>
     <span class='ocr_line' id='line_1_17' title="bbox 559 2820 2372 2894; baseline -0.001 -1"><span class='ocrx_word' id='word_1_111' title='bbox 559 2835 705 2893; x_wconf 82' lang='lat' dir='ltr'><strong>tate</strong></span> <span class='ocrx_word' id='word_1_112' title='bbox 755 2821 964 2893; x_wconf 84' lang='lat' dir='ltr'><strong>factas</strong></span> <span class='ocrx_word' id='word_1_113' title='bbox 1016 2821 1131 2893; x_wconf 89' lang='lat' dir='ltr'><strong>his</strong></span> <span class='ocrx_word' id='word_1_114' title='bbox 1183 2845 1328 2892; x_wconf 91' lang='lat' dir='ltr'><strong>non</strong></span> <span class='ocrx_word' id='word_1_115' title='bbox 1382 2845 1633 2892; x_wconf 88' lang='lat' dir='ltr'><strong>nocere</strong></span> <span class='ocrx_word' id='word_1_116' title='bbox 1685 2845 1831 2892; x_wconf 90' lang='lat' dir='ltr'><strong>non</strong></span> <span class='ocrx_word' id='word_1_117' title='bbox 1882 2820 2194 2894; x_wconf 90' lang='lat' dir='ltr'><strong>dubium</strong></span> <span class='ocrx_word' id='word_1_118' title='bbox 2245 2837 2372 2893; x_wconf 88' lang='lat' dir='ltr'><strong>est.</strong></span> 
     </span>
    </p>
   </div>
   <div class='ocr_carea' id='block_1_8' title="bbox 568 2946 3380 3678">
    <p class='ocr_par' dir='ltr' id='par_1_8' title="bbox 569 2946 3372 3173">
     <span class='ocr_line' id='line_1_18' title="bbox 667 2946 3372 3047; baseline 0.001 -28"><span class='ocrx_word' id='word_1_119' title='bbox 667 2947 1008 3047; x_wconf 85' lang='lat' dir='ltr'><strong>Prodigus</strong></span> <span class='ocrx_word' id='word_1_120' title='bbox 1046 2948 1160 3021; x_wconf 88' lang='lat' dir='ltr'><strong>cni</strong></span> <span class='ocrx_word' id='word_1_121' title='bbox 1207 2946 1414 3020; x_wconf 89' lang='lat' dir='ltr'><strong>bonis</strong></span> <span class='ocrx_word' id='word_1_122' title='bbox 1466 2947 1927 3021; x_wconf 81' lang='lat' dir='ltr'><strong>interdictum</strong></span> <span class='ocrx_word' id='word_1_123' title='bbox 1972 2962 2074 3021; x_wconf 87' lang='lat' dir='ltr'><strong>est</strong></span> <span class='ocrx_word' id='word_1_124' title='bbox 2112 2950 2262 3021; x_wconf 87' lang='lat' dir='ltr'><strong>sine</strong></span> <span class='ocrx_word' id='word_1_125' title='bbox 2314 2949 2660 3021; x_wconf 83' lang='lat' dir='ltr'><strong>curatoris</strong></span> <span class='ocrx_word' id='word_1_126' title='bbox 2711 2973 3054 3021; x_wconf 91' lang='lat' dir='ltr'><strong>consensu</strong></span> <span class='ocrx_word' id='word_1_127' title='bbox 3105 2947 3372 3022; x_wconf 89' lang='lat' dir='ltr'><strong>donare</strong></span> 
     </span>
     <span class='ocr_line' id='line_1_19' title="bbox 569 3061 1884 3173; baseline 0.001 -27"><span class='ocrx_word' id='word_1_128' title='bbox 569 3101 717 3146; x_wconf 90' lang='lat' dir='ltr'><strong>non</strong></span> <span class='ocrx_word' id='word_1_129' title='bbox 765 3061 1069 3173; x_wconf 66' lang='grc' dir='ltr'><strong>Ροῐθεῑ.2</strong></span> <span class='ocrx_word' id='word_1_130' title='bbox 1881 3080 1884 3085; x_wconf 77' lang='grc'><strong>’</strong></span> 
     </span>
    </p>

    <p class='ocr_par' dir='ltr' id='par_1_9' title="bbox 568 3197 3380 3552">
     <span class='ocr_line' id='line_1_20' title="bbox 673 3197 3376 3297; baseline 0 -26"><span class='ocrx_word' id='word_1_131' title='bbox 673 3200 902 3272; x_wconf 86' lang='lat' dir='ltr'><strong>Mente</strong></span> <span class='ocrx_word' id='word_1_132' title='bbox 970 3213 1259 3297; x_wconf 88' lang='lat' dir='ltr'><strong>captus,</strong></span> <span class='ocrx_word' id='word_1_133' title='bbox 1330 3199 1407 3270; x_wconf 89' lang='lat' dir='ltr'><strong>id</strong></span> <span class='ocrx_word' id='word_1_134' title='bbox 1474 3215 1579 3272; x_wconf 90' lang='lat' dir='ltr'><strong>est</strong></span> <span class='ocrx_word' id='word_1_135' title='bbox 1643 3200 1954 3274; x_wconf 84' lang='lat' dir='ltr'><strong>furiosus</strong></span> <span class='ocrx_word' id='word_1_136' title='bbox 2025 3200 2130 3272; x_wconf 79' lang='lat' dir='ltr'><strong>vel</strong></span> <span class='ocrx_word' id='word_1_137' title='bbox 2207 3197 2533 3286; x_wconf 87' lang='lat' dir='ltr'><strong>demens,</strong></span> <span class='ocrx_word' id='word_1_138' title='bbox 2600 3197 2864 3272; x_wconf 84' lang='lat' dir='ltr'><strong>donare</strong></span> <span class='ocrx_word' id='word_1_139' title='bbox 2933 3225 3078 3270; x_wconf 93' lang='lat' dir='ltr'><strong>non</strong></span> <span class='ocrx_word' id='word_1_140' title='bbox 3146 3215 3376 3297; x_wconf 86' lang='lat' dir='ltr'><strong>potest</strong></span> 
     </span>
     <span class='ocr_line' id='line_1_21' title="bbox 568 3324 3376 3425; baseline 0 -28"><span class='ocrx_word' id='word_1_141' title='bbox 568 3352 800 3423; x_wconf 85' lang='lat' dir='ltr'><strong>quum</strong></span> <span class='ocrx_word' id='word_1_142' title='bbox 848 3327 1308 3425; x_wconf 84' lang='lat' dir='ltr'><strong>intelligentia</strong></span> <span class='ocrx_word' id='word_1_143' title='bbox 1349 3341 1580 3398; x_wconf 87' lang='lat' dir='ltr'><strong>careat</strong></span> <span class='ocrx_word' id='word_1_144' title='bbox 1631 3351 1760 3399; x_wconf 89' lang='lat' dir='ltr'><strong>nec</strong></span> <span class='ocrx_word' id='word_1_145' title='bbox 1810 3326 2033 3400; x_wconf 81' lang='lat' dir='ltr'><strong>valeat</strong></span> <span class='ocrx_word' id='word_1_146' title='bbox 2070 3351 2473 3399; x_wconf 77' lang='lat' dir='ltr'><strong>consensuS.</strong></span> <span class='ocrx_word' id='word_1_147' title='bbox 2510 3324 2782 3418; x_wconf 84' lang='lat' dir='ltr'><strong>Quodsi</strong></span> <span class='ocrx_word' id='word_1_148' title='bbox 2825 3327 3376 3398; x_wconf 78' lang='lat' dir='ltr'><strong>intermissiones</strong></span> 
     </span>
     <span class='ocr_line' id='line_1_22' title="bbox 573 3438 3380 3552; baseline -0 -28"><span class='ocrx_word' id='word_1_149' title='bbox 573 3470 745 3526; x_wconf 89' lang='lat' dir='ltr'><strong>sunt</strong></span> <span class='ocrx_word' id='word_1_150' title='bbox 784 3455 1081 3540; x_wconf 87' lang='lat' dir='ltr'><strong>suroris,</strong></span> <span class='ocrx_word' id='word_1_151' title='bbox 1127 3480 1282 3550; x_wconf 81' lang='lat' dir='ltr'><strong>quae</strong></span> <span class='ocrx_word' id='word_1_152' title='bbox 1321 3455 1436 3525; x_wconf 87' lang='lat' dir='ltr'><strong>his</strong></span> <span class='ocrx_word' id='word_1_153' title='bbox 1486 3452 1781 3552; x_wconf 89' lang='lat' dir='ltr'><strong>quidem</strong></span> <span class='ocrx_word' id='word_1_154' title='bbox 1835 3455 2280 3551; x_wconf 87' lang='lat' dir='ltr'><strong>temporibus</strong></span> <span class='ocrx_word' id='word_1_155' title='bbox 2323 3452 2686 3525; x_wconf 88' lang='lat' dir='ltr'><strong>donantur</strong></span> <span class='ocrx_word' id='word_1_156' title='bbox 2730 3468 2913 3526; x_wconf 89' lang='lat' dir='ltr'><strong>recte</strong></span> <span class='ocrx_word' id='word_1_157' title='bbox 2948 3438 3380 3525; x_wconf 83' lang='lat' dir='ltr'><strong>donantur.³</strong></span> 
     </span>
    </p>

    <p class='ocr_par' dir='ltr' id='par_1_10' title="bbox 677 3580 3377 3678">
     <span class='ocr_line' id='line_1_23' title="bbox 677 3580 3377 3678; baseline 0 -28"><span class='ocrx_word' id='word_1_158' title='bbox 677 3580 1161 3667; x_wconf 57' lang='lat' dir='ltr'><strong>filiifamilias,</strong></span> <span class='ocrx_word' id='word_1_159' title='bbox 1216 3604 1382 3653; x_wconf 90' lang='lat' dir='ltr'><strong>cum</strong></span> <span class='ocrx_word' id='word_1_160' title='bbox 1439 3582 1513 3652; x_wconf 89' lang='lat' dir='ltr'><strong>in</strong></span> <span class='ocrx_word' id='word_1_161' title='bbox 1571 3594 1913 3678; x_wconf 88' lang='lat' dir='ltr'><strong>potestate</strong></span> <span class='ocrx_word' id='word_1_162' title='bbox 1956 3581 2176 3678; x_wconf 90' lang='lat' dir='ltr'><strong>patria</strong></span> <span class='ocrx_word' id='word_1_163' title='bbox 2227 3581 2371 3651; x_wconf 87' lang='lat' dir='ltr'><strong>sint</strong></span> <span class='ocrx_word' id='word_1_164' title='bbox 2424 3595 2493 3651; x_wconf 90' lang='lat' dir='ltr'><strong>et</strong></span> <span class='ocrx_word' id='word_1_165' title='bbox 2546 3580 2722 3651; x_wconf 90' lang='lat' dir='ltr'><strong>nihil</strong></span> <span class='ocrx_word' id='word_1_166' title='bbox 2766 3606 2977 3652; x_wconf 88' lang='lat' dir='ltr'><strong>suum</strong></span> <span class='ocrx_word' id='word_1_167' title='bbox 3029 3581 3377 3665; x_wconf 85' lang='lat' dir='ltr'><strong>habeant,</strong></span> 
     </span>
    </p>
   </div>
   <div class='ocr_carea' id='block_1_9' title="bbox 573 3693 3380 3939">
    <p class='ocr_par' dir='ltr' id='par_1_11' title="bbox 573 3693 3380 3939">
     <span class='ocr_line' id='line_1_24' title="bbox 573 3693 3380 3805; baseline -0 -28"><span class='ocrx_word' id='word_1_168' title='bbox 573 3707 838 3777; x_wconf 89' lang='lat' dir='ltr'><strong>donare</strong></span> <span class='ocrx_word' id='word_1_169' title='bbox 889 3732 1036 3778; x_wconf 90' lang='lat' dir='ltr'><strong>non</strong></span> <span class='ocrx_word' id='word_1_170' title='bbox 1106 3693 1474 3803; x_wconf 86' lang='lat' dir='ltr'><strong>possunt⁴.</strong></span> <span class='ocrx_word' id='word_1_171' title='bbox 1545 3707 1644 3778; x_wconf 90' lang='lat' dir='ltr'><strong>lta</strong></span> <span class='ocrx_word' id='word_1_172' title='bbox 1695 3706 1903 3779; x_wconf 88' lang='lat' dir='ltr'><strong>docet</strong></span> <span class='ocrx_word' id='word_1_173' title='bbox 1958 3706 2079 3802; x_wconf 85' lang='lat' dir='ltr'><strong>jus</strong></span> <span class='ocrx_word' id='word_1_174' title='bbox 2142 3707 2521 3804; x_wconf 88' lang='lat' dir='ltr'><strong>antiquum</strong></span> <span class='ocrx_word' id='word_1_175' title='bbox 2576 3706 2771 3805; x_wconf 89' lang='lat' dir='ltr'><strong>qnod</strong></span> <span class='ocrx_word' id='word_1_176' title='bbox 2826 3721 3064 3779; x_wconf 86' lang='lat' dir='ltr'><strong>autem</strong></span> <span class='ocrx_word' id='word_1_177' title='bbox 3118 3731 3256 3777; x_wconf 90' lang='lat' dir='ltr'><strong>usu</strong></span> <span class='ocrx_word' id='word_1_178' title='bbox 3313 3719 3380 3776; x_wconf 90' lang='lat' dir='ltr'><strong>et</strong></span> 
     </span>
     <span class='ocr_line' id='line_1_25' title="bbox 577 3830 2634 3939; baseline 0 -38"><span class='ocrx_word' id='word_1_179' title='bbox 577 3832 897 3939; x_wconf 81' lang='lat' dir='ltr'><strong>plurium</strong></span> <span class='ocrx_word' id='word_1_180' title='bbox 944 3830 1351 3927; x_wconf 86' lang='lat' dir='ltr'><strong>principum</strong></span> <span class='ocrx_word' id='word_1_181' title='bbox 1404 3830 2043 3903; x_wconf 88' lang='lat' dir='ltr'><strong>constitutionibus</strong></span> <span class='ocrx_word' id='word_1_182' title='bbox 2094 3845 2454 3903; x_wconf 85' lang='lat' dir='ltr'><strong>mutatum</strong></span> <span class='ocrx_word' id='word_1_183' title='bbox 2507 3846 2634 3903; x_wconf 90' lang='lat' dir='ltr'><strong>est.</strong></span> 
     </span>
    </p>
   </div>
   <div class='ocr_carea' id='block_1_10' title="bbox 668 4216 1372 4389">
    <p class='ocr_par' dir='ltr' id='par_1_12' title="bbox 668 4216 1372 4389">
     <span class='ocr_line' id='line_1_26' title="bbox 669 4216 1372 4286; baseline 0.001 -16"><span class='ocrx_word' id='word_1_184' title='bbox 669 4238 708 4270; x_wconf 85' lang='grc' dir='ltr'><strong>ι.</strong></span> <span class='ocrx_word' id='word_1_185' title='bbox 751 4216 922 4272; x_wconf 77' lang='lat' dir='ltr'><strong>Const-</strong></span> <span class='ocrx_word' id='word_1_186' title='bbox 954 4220 1019 4285; x_wconf 84' lang='lat'><strong>3,</strong></span> <span class='ocrx_word' id='word_1_187' title='bbox 1055 4216 1143 4285; x_wconf 89' lang='lat' dir='ltr'><strong>C.‚</strong></span> <span class='ocrx_word' id='word_1_188' title='bbox 1185 4217 1249 4286; x_wconf 86' lang='lat' dir='ltr'><strong>V,</strong></span> <span class='ocrx_word' id='word_1_189' title='bbox 1293 4221 1372 4284; x_wconf 71' lang='lat'><strong>74.</strong></span> 
     </span>
     <span class='ocr_line' id='line_1_27' title="bbox 668 4315 1260 4389; baseline 0 -16"><span class='ocrx_word' id='word_1_190' title='bbox 668 4341 713 4373; x_wconf 69' lang='grc' dir='ltr'><strong>τι.</strong></span> <span class='ocrx_word' id='word_1_191' title='bbox 750 4315 799 4389; x_wconf 90' lang='grc'><strong>5.</strong></span> <span class='ocrx_word' id='word_1_192' title='bbox 825 4320 875 4374; x_wconf 89' lang='grc'><strong>3.</strong></span> <span class='ocrx_word' id='word_1_193' title='bbox 907 4319 1061 4386; x_wconf 70' lang='lat' dir='ltr'><strong>lust..</strong></span> <span class='ocrx_word' id='word_1_194' title='bbox 1095 4320 1146 4387; x_wconf 86' lang='lat' dir='ltr'><strong>l,</strong></span> <span class='ocrx_word' id='word_1_195' title='bbox 1181 4320 1260 4373; x_wconf 75' lang='lat'><strong>23.</strong></span> 
     </span>
    </p>
   </div>
   <div class='ocr_carea' id='block_1_11' title="bbox 663 4417 2617 4595">
    <p class='ocr_par' dir='ltr' id='par_1_13' title="bbox 663 4417 2617 4595">
     <span class='ocr_line' id='line_1_28' title="bbox 663 4417 2131 4490; baseline -0.001 -16"><span class='ocrx_word' id='word_1_196' title='bbox 663 4423 712 4474; x_wconf 90' lang='lat'><strong>3.</strong></span> <span class='ocrx_word' id='word_1_197' title='bbox 751 4418 924 4484; x_wconf 79' lang='lat' dir='ltr'><strong>Const.</strong></span> <span class='ocrx_word' id='word_1_198' title='bbox 955 4420 1022 4487; x_wconf 81' lang='lat'><strong>6,</strong></span> <span class='ocrx_word' id='word_1_199' title='bbox 1056 4417 1143 4487; x_wconf 67' lang='lat' dir='ltr'><strong>C„</strong></span> <span class='ocrx_word' id='word_1_200' title='bbox 1178 4419 1255 4474; x_wconf 84' lang='lat' dir='ltr'><strong>De</strong></span> <span class='ocrx_word' id='word_1_201' title='bbox 1287 4432 1513 4474; x_wconf 83' lang='lat' dir='ltr'><strong>curatore</strong></span> <span class='ocrx_word' id='word_1_202' title='bbox 1547 4419 1641 4473; x_wconf 77' lang='lat' dir='ltr'><strong>fur.</strong></span> <span class='ocrx_word' id='word_1_203' title='bbox 1674 4419 1750 4474; x_wconf 80' lang='lat' dir='ltr'><strong>vel</strong></span> <span class='ocrx_word' id='word_1_204' title='bbox 1781 4418 1922 4490; x_wconf 79' lang='lat' dir='ltr'><strong>prod.</strong></span> <span class='ocrx_word' id='word_1_205' title='bbox 1956 4418 2020 4486; x_wconf 81' lang='lat' dir='ltr'><strong>V,</strong></span> <span class='ocrx_word' id='word_1_206' title='bbox 2056 4439 2131 4485; x_wconf 88' lang='lat'><strong>70.</strong></span> 
     </span>
     <span class='ocr_line' id='line_1_29' title="bbox 667 4517 2617 4595; baseline -0.001 -19"><span class='ocrx_word' id='word_1_207' title='bbox 667 4525 715 4588; x_wconf 78' lang='grc'><strong>4.</strong></span> <span class='ocrx_word' id='word_1_208' title='bbox 745 4522 864 4577; x_wconf 73' lang='lat' dir='ltr'><strong>Gaii</strong></span> <span class='ocrx_word' id='word_1_209' title='bbox 892 4524 1017 4578; x_wconf 86' lang='lat' dir='ltr'><strong>Inst.</strong></span> <span class='ocrx_word' id='word_1_210' title='bbox 1048 4523 1126 4589; x_wconf 88' lang='grc' dir='ltr'><strong>Π,</strong></span> <span class='ocrx_word' id='word_1_211' title='bbox 1159 4518 1207 4592; x_wconf 89' lang='grc'><strong>5.</strong></span> <span class='ocrx_word' id='word_1_212' title='bbox 1239 4524 1332 4588; x_wconf 85' lang='lat'><strong>87;</strong></span> <span class='ocrx_word' id='word_1_213' title='bbox 1365 4523 1450 4577; x_wconf 85' lang='lat' dir='ltr'><strong>Fr.</strong></span> <span class='ocrx_word' id='word_1_214' title='bbox 1486 4543 1543 4589; x_wconf 85' lang='lat'><strong>7,</strong></span> <span class='ocrx_word' id='word_1_215' title='bbox 1575 4522 1669 4590; x_wconf 89' lang='lat' dir='ltr'><strong>D.‚</strong></span> <span class='ocrx_word' id='word_1_216' title='bbox 1702 4519 1756 4579; x_wconf 82' lang='lat' dir='ltr'><strong>h.</strong></span> <span class='ocrx_word' id='word_1_217' title='bbox 1786 4533 1852 4585; x_wconf 85' lang='lat' dir='ltr'><strong>t.;</strong></span> <span class='ocrx_word' id='word_1_218' title='bbox 1881 4520 1998 4592; x_wconf 84' lang='lat' dir='ltr'><strong>Ulp.</strong></span> <span class='ocrx_word' id='word_1_219' title='bbox 2039 4521 2206 4593; x_wconf 79' lang='lat' dir='ltr'><strong>Regul.</strong></span> <span class='ocrx_word' id='word_1_220' title='bbox 2237 4523 2314 4577; x_wconf 84' lang='lat' dir='ltr'><strong>tit.</strong></span> <span class='ocrx_word' id='word_1_221' title='bbox 2353 4543 2436 4595; x_wconf 81' lang='lat'><strong>19,</strong></span> <span class='ocrx_word' id='word_1_222' title='bbox 2467 4517 2617 4592; x_wconf 75' lang='grc'><strong>5.18.</strong></span> 
     </span>
    </p>
   </div>
  </div>
 </body>
</html>
