4782 6002
1980 162 2426 232 „3-

548 355 835 459 majora
885 355 1266 435 commoda
1315 354 1822 431 conceduntur
1848 408 1869 445 ,
1944 362 2021 430 et
2087 354 2206 429 hic
2268 353 2496 427 multo
2564 357 2796 451 magis
2861 354 3367 456 adjuvandus
3396 372 3551 457 est,
3605 370 3836 463 'quam

547 498 783 573 malae
848 496 1021 572 fidei
1084 516 1484 594 possessor
1507 547 1529 586 ,
1602 518 1789 591 quae
1841 517 1965 569 res
2014 497 2091 566 iu
2136 491 2280 568 bac
2328 492 2668 568 doctrina
2718 497 3008 570 maximi
3058 506 3393 604 momenti
3447 514 3607 597 est,
3681 528 3835 581 om-

548 660 827 737 nesque
879 636 977 712 de
1028 638 1375 734 impensis
1418 637 1979 710 constitutiones
2020 634 2329 730 singulis
2368 631 3026 712 modificationibus
3068 644 3408 740 exceptis
3451 642 3641 721 hanc
3683 671 3836 723 rem

549 778 680 854 vel
727 779 1038 852 maxime
1090 782 1608 873 respexerunt.
1736 771 2220 862 Quamobrem
2293 776 2712 871 neutiquam
2776 778 3151 876 impensae
3207 789 3335 855 aut
3386 779 3653 859 deduci
3705 797 3832 860 aut

548 921 703 1017 peti
753 938 982 1016 posse
1032 922 1373 990 constat:
3935 888 3942 897 ’

745 1060 844 1148 α]
902 1053 992 1130 Si
1043 1051 1365 1129 donandi
1416 1055 1654 1127 auimo
1696 1051 2594 1151 impensae-factaesunt.
2676 1054 2808 1128 Fr.
2855 1059 2950 1129 27
3001 1064 3074 1144 s.
3125 1061 3187 1131 1.
3239 1058 3331 1134 fr.
3376 1064 3465 1133 41
3525 1060 3623 1137 de
3664 1086 3831 1162 neg.

549 1201 739 1292 gest.
774 1173 917 1288 ¹(3,
971 1197 1084 1287 5).
1188 1190 1450 1268 Gonst.
1510 1195 1600 1265 15
1652 1188 1845 1266 Cod.
1899 1189 2067 1266 eod.
2137 1194 2263 1283 (2,
2310 1196 2459 1288 19).
2587 1192 2900 1283 Quando
2973 1195 3095 1273 hic
3165 1195 3488 1274 donandi
3555 1204 3831 1279 animus

550 1340 1096 1433 praesumatur,
1149 1332 1296 1408 alio
1348 1331 1520 1409 loco
1573 1329 1959 1406 dicendum
2010 1337 2148 1405 est.

746 1473 838 1566 b)
908 1471 999 1547 Si
1059 1494 1246 1567 quae
1295 1473 1668 1568 impensae
1719 1470 2123 1544 occasione
2166 1475 2590 1544 contractus
2645 1493 2745 1546 ex
2784 1476 2949 1571 ejus
2997 1480 3259 1549 natura
3305 1474 3466 1551 fieri
3514 1474 3825 1570 debent,

550 1612 953 1690 secundum
996 1633 1439 1688 communem
1477 1613 1670 1713 juris
1721 1608 2050 1707 regulam
2098 1606 2244 1682 hae
2293 1611 2665 1708 impensae
2713 1609 2812 1685 ad
2861 1613 3195 1699 calculos
3243 1638 3392 1690 non
3440 1624 3825 1693 vocantur.

549 1752 679 1825 Fr.
740 1755 835 1825 10
883 1750 979 1826 de
1028 1750 1119 1825 R.
1170 1749 1248 1823 J.
1319 1747 1410 1822 fr.
1478 1751 1565 1823 13
1619 1747 1713 1822 de
1764 1750 1928 1846 imp.
1982 1748 2058 1819 in
2105 1770 2229 1821 res
2271 1745 2426 1822 dot.
2480 1749 2657 1842 (25,
2708 1752 2791 1842 1)
2861 1747 2952 1824 fr.
3007 1755 3055 1824 7
3103 1762 3175 1840 S.
3222 1757 3292 1827 8.
3362 1752 3455 1827 fr.
3509 1757 3607 1828 2⁷
3655 1763 3728 1843 s.
3779 1760 3830 1829 3

550 1889 645 1964 de
693 1886 923 1963 usufr.
990 1892 1121 1981 (7,
1181 1891 1287 1980 1).
1340 1888 1349 1891 ’
1412 1885 1857 1983 Plerumque
1917 1892 2158 1960 autem
2224 1909 2387 1960 cum
2452 1909 2699 1962 casum
2770 1892 3185 1990 excipiunt,
3264 1916 3408 1990 quo
3471 1893 3830 1994 ejusmodi

548 2039 717 2107 sunt
768 2055 998 2108 onera
1046 2039 1438 2131 suscepto,
1491 2038 1572 2106 ut
1624 2054 1901 2106 omnem
1950 2035 2461 2128 exspectatam
2509 2029 2936 2122 utilitatem,
2988 2054 3343 2129 omneque
3384 2002 3831 2109 commodum

548 2178 919 2269 speratum
982 2171 1275 2249 tollant.
1388 2171 1475 2243 Iu
1533 2174 1706 2268 jure
1758 2169 2087 2241 Romano
2139 2175 2379 2240 autem
2441 2164 2631 2243 haec
2693 2168 3025 2241 limitatio
3091 2192 3237 2242 nou
3303 2168 3610 2244 fundata
3674 2182 3827 2267 est,

549 2307 745 2405 quod
784 2312 942 2404 jam
988 2306 1378 2378 Lssstnus
1418 2304 1489 2395 ³)
1540 2305 1729 2377 bene
1778 2304 2257 2399 perspexisse
2306 2301 2643 2391 videtur,
2697 2305 2819 2396 qui
2868 2302 3057 2377 haec
3105 2304 3434 2401 profert:
3487 2359 3533 2398 „
3550 2306 3829 2384 addunt

550 2454 787 2519 tamen
855 2443 1355 2516 limitationem
1422 2438 1774 2513 doctores
1803 2491 1823 2528 ,
1908 2440 2049 2510 nisi
2123 2435 2508 2510 immodica
2574 2439 2720 2510 sint
2792 2460 3022 2513 onera
3045 2493 3067 2532 ,
3148 2440 3608 2541 fructumque
3683 2471 3824 2523 ex..

547 2585 837 2662 cedant.
857 2588 904 2627 “

745 2727 835 2817 c)
886 2716 1361 2797 Praecedens
1411 2718 1808 2793 conventio
1859 2713 1956 2794 de
2004 2703 2349 2818 impensis
2400 2740 2790 2817 earumque
2850 2722 3314 2799 restitutione
3361 2730 3534 2800 ante
3586 2727 3826 2800 omnia

547 2862 1012 2964 respicienda
1060 2868 1198 2938 est.
1298 2860 1430 2934 Fr.
1481 2862 1580 2932 55
1631 2868 1704 2948 s.
1762 2865 1826 2934 1.
1896 2858 1990 2934 fr.
2042 2862 2133 2934 61
2189 2857 2415 2935 locat.
2463 2861 2639 2953 (19,
2684 2864 2794 2953 ἓ).
2914 2860 3423 2962 Exceptioues
3478 2864 3825 2964 quasdam

548 3028 682 3080 suo
733 3004 905 3081 loco
957 3000 1688 3080 commemorabimus.
3039 2984 3044 2989 ’

2092 3285 2171 3366 S.
2218 3281 2291 3351 3.

744 3426 1127 3526 Ῑωρθιιεειθ
1173 3428 1249 3500 in
1280 3423 1685 3524 judiciales
1734 3427 1956 3518 atque
2004 3417 2617 3516 extrajudioiales
2682 3440 2829 3493 nou
2890 3423 3139 3522 inepte
3205 3420 3437 3499 dividi
3488 3434 3819 3525 possunt.
3863 3395 3888 3408 “

546 3568 930 3666 Impensae
962 3566 1364 3663 judiciales
1403 3574 1808 3657 vocantur,
1861 3583 2049 3660 quae
2101 3583 2202 3637 ex
2249 3558 2384 3633 lite
2435 3579 2682 3633 coram
2721 3558 3100 3659 Judicibus
3149 3564 3463 3664 publicis
3512 3572 3825 3641 tractata

548 3707 921 3796 oriuntur,
998 3706 1370 3802 impensae
1421 3702 2029 3803 extrajudiciales
2095 3700 2311 3776 varia
2371 3700 2659 3774 ratione
2723 3703 2896 3774 oriri
2964 3713 3310 3802 possunt,
3385 3725 3472 3777 re
3540 3727 3688 3781 non
3747 3709 3822 3781 in

539 3842 894 3942 judicium
959 3839 1302 3917 deducta.
1420 3838 1643 3916 Cous.
1713 3839 2035 3941 exempli
2084 3841 2328 3938 gratia
2397 3835 2486 3915 C.
2545 3843 2638 3915 13
2688 3850 2760 3931 S.
2813 3847 2861 3916 6
2925 3840 3116 3918 Ood.
3168 3841 3265 3918 de
3305 3842 3468 3943 Jud.
3532 3849 3658 3938 (3,
3712 3849 3818 3938 1).

548 3981 700 4056 Tit.
750 3984 839 4054 51
901 3980 1067 4055 Lib.
1122 3982 1168 4052 7
1238 3975 1431 4055 Cod.
1485 3975 1582 4053 de
1632 3977 1851 4055 fruct.
1921 3988 2001 4054 et
2064 3978 2172 4053 lit.
2239 4001 2416 4079 exp.
2483 3979 2577 4054 fr.
2628 3982 2722 4054 51
2792 3981 2888 4055 D.
2939 3980 3037 4057 de
3105 3979 3263 4057 her.
3313 3991 3464 4083 pet.
3517 3987 3649 4077 (5,
3699 3987 3814 4079 3).

548 4117 700 4193 Tit.
760 4121 796 4191 1
850 4117 1019 4194 Lib.
1073 4119 1169 4191 25
1218 4117 1314 4192 D.
1378 4114 1474 4193 de
1524 4119 1688 4216 imp.
1749 4119 1825 4191 in
1877 4139 2003 4191 res
2054 4113 2207 4191 dot.
2258 4120 2444 4212 (25,
2494 4122 2600 4211 1).
2715 4119 2886 4194 Nos
2946 4123 3020 4194 in
3087 4120 3231 4198 hac
3299 4121 3821 4202 dissertatione

545 4253 998 4331 solummodo
1051 4254 1148 4332 de
1196 4258 1538 4357 impensis
1588 4253 2276 4354 extrajudicialibus
2324 4258 2563 4334 verba
2613 4257 2964 4337 faciemus
2988 4313 3009 4354 ,
3060 4285 3209 4336 non
3258 4286 3403 4362 quo
3453 4266 3819 4364 impensas

541 4395 938 4495 judiciales
986 4396 1133 4471 huc
1182 4401 1556 4498 pertinere
1602 4418 1951 4495 negemus
1965 4450 1988 4490 ,
2055 4394 2195 4472 sed
2262 4401 2431 4496 quia
2491 4402 2860 4500 impensas
2918 4399 3319 4501 judiciales
3384 4411 3658 4481 tantum
3717 4429 3818 4481 ex

671 4671 2984 4757 a)LeyaoradP=nd.upoo.1oo.mod.3.'vmhmvt1.5.8a
