4782 6002
1899 86 2400 160 ...13-

498 284 720 376 ritus,
798 279 1000 380 quod
1056 282 1187 380 jus
1238 278 1312 355 ei
1358 301 1413 354 a
1454 276 1880 355 Justiniano
1944 277 2310 355 ademtam
2372 288 2492 357 est
2563 288 2799 357 const.
2848 302 2969 357 un.
3022 292 3095 370 s.
3147 287 3218 357 5.
3281 283 3476 362 Cod.
3527 285 3625 365 de
3674 292 3787 366 rei

497 450 622 501 nx.
673 433 821 502 act.
875 428 999 520 (5,
1044 427 1218 518 13),
1267 420 1361 517 ²¹)
1411 421 1636 521 idque
1684 427 1845 499 sine
1896 422 2049 498 ulla
2080 424 2575 517 inuitatione,-
2625 425 2870 501 voluit
2918 428 3108 501 enim
3153 406 3655 524 Justinianus,
3678 439 3790 507 nt

498 566 637 644 dos
687 572 931 643 statim
980 576 1060 644 et
1108 573 1269 647 tota
1294 568 1849 643 restitueretur.
1949 566 2225 665 Neque
2278 591 2470 644 vero
2506 567 2866 649 uxoribus
2913 576 3182 644 tantum
3228 570 3668 646 benevolum
3702 596 3788 649 se

498 712 868 809 praestitit
916 709 1384 783 Jnstinianus
1403 762 1424 801 ,
1475 710 1804 782 maritum
1855 729 2146 805 quoque
2195 732 2341 784 non
2396 709 2774 807 negl'exit3
2840 713 2903 783 si
2957 712 3146 784 enim
3197 713 3496 787 maritus
3545 734 3808 789 uxore·

499 850 888 927 mandante
938 855 1308 951 impensas
1356 850 1694 945 fecerat,
1767 849 2089 927 mandati
2140 852 2502 924 actionem
2552 852 2626 928 ei
2675 853 3048 955 concessit
3096 851 3154 925 J
3156 854 3597 946 ustinianus,
3650 875 3786 930 ne-

498 998 859 1093 gotiorum
913 1004 1291 1095 gestorum
1342 999 1703 1071 actionem
1746 1017 1935 1071 vero
1959 1049 1979 1088 ‚
2032 996 2101 1068 si
2140 996 2423 1069 sciente
2462 1016 2701 1068 uxore
2746 997 3113 1093 impensas
3150 994 3440 1072 fecerat
3460 1051 3481 1090 ‚
3536 1004 3615 1073 et
3653 1000 3788 1072 im-

497 1143 750 1238 pensis
802 1140 917 1215 his
972 1164 1055 1217 re
1107 1164 1299 1217 vera
1349 1138 1511 1216 doti
1558 1143 2081 1217 incrementum
2132 1132 2460 1210 additum
2510 1142 2720 1227 erat,
2779 1138 2852 1211 ei
2902 1138 3292 1210 concessit.
3409 1134 3638 1213 Adde
3688 1136 3806 1235 fr..

501 1287 617 1357 ⁷9.
673 1281 770 1358 de
817 1282 917 1357 V.
975 1281 1060 1361 S.
3629 1366 3634 1377 ¹

699 1421 918 1512 Quod
970 1421 1254 1499 adtinet
1302 1420 1399 1498 ad
1450 1425 1819 1524 impensas
1869 1421 2380 1521 voluptuarias
2430 1418 2614 1494 illud
2660 1419 3046 1496 tenendum
3086 1429 3249 1516 est3
3299 1424 3562 1495 marito
3600 1442 3785 1496 neu-

502 1569 773 1662 tiquam
833 1565 1013 1640 licet
1079 1571 1338 1661 petere
1407 1566 1775 1662 impensas
1824 1563 2371 1660 voluptuarias,
2447 1562 2716 1639 tollere
2768 1573 3009 1640 autem
3059 1572 3152 1641 et‘
3190 1564 3586 1641 detrahere
3656 1583 3787 1645 eas

499 1712 799 1805 potest,
851 1707 912 1776 si
967 1703 1042 1777 id
1093 1706 1253 1778 sine
1303 1707 1418 1777 rei
1467 1704 1697 1801 ipsius
1750 1701 2010 1776 damno
2053 1702 2213 1779 fieri
2259 1714 2541 1804 potest,
2592 1729 2832 1805 neque
2871 1712 3090 1805 etiam
3131 1712 3202 1784 ei
3243 1708 3592 1808 prodest,
3647 1706 3785 1784 has

499 1850 867 1943 impensas
918 1846 1201 1919 sciente
1253 1850 1330 1919 et
1380 1843 1687 1919 volente
1740 1866 1979 1918 uxore
2031 1841 2273 1919 factas
2324 1868 2520 1923 esse.
2645 1846 2736 1923 Si
2804 1873 2997 1925 uxor
3046 1858 3286 1925 autem
3333 1872 3482 1924 non
3529 1856 3793 1950 parata

500 1982 819 2088 est‘pati
873 1992 1197 2065 maritum
1250 1992 1411 2067 siue
1462 1989 1616 2065 ullo
1668 1993 1780 2064 rei
1838 1987 2099 2063 damno
2163 1991 2531 2087 impensas
2595 1990 3110 2090 voluptuarias
3174 1991 3592 2083 tollentem,
3660 1992 3789 2065 vel

499 2134 564 2203 si
616 2134 720 2204 ita
772 2156 923 2207 rem
974 2134 1205 2230 pluris
1285 2132 1623 2231 vendere
1676 2140 1976 2253 potest,
2029 2134 2496 2207 exactionem
2546 2133 2839 2228 patitur.
2957 2127 3216 2217 Coust.
3273 2135 3307 2205 1
3365 2140 3437 2221 3.
3492 2134 3541 2204 5
3593 2128 3820 2225 Cod..

499 2274 622 2344 eit.
677 2271 767 2343 fr.
821 2273 889 2343 9.
949 2274 1064 2344 ιο.
1122 2271 1381 2344 ιιι).
1432 2272 1503 2345 h.
1556 2281 1608 2345 t.
1675 2269 1782 2363 22)

2019 2475 2090 2557 5.
2152 2469 2264 2540 11.
2320 2520 2323 2523 -

1342 2694 1351 2703 ⁶
1427 2612 1534 2703 6)
1633 2607 1735 2709 1η
1790 2609 2133 2703 doctrina
2184 2608 2275 2682 de
2320 2606 2873 2703 hereditatibus.
3345 2690 3375 2701 ί,
3559 2694 3570 2700 ,

701 2753 1088 2852 Impensae
1141 2754 1613 2853 necessariae
1667 2758 1744 2827 et
1794 2752 2114 2849 utiles3a
2161 2750 2232 2829 b.
2281 2750 2332 2824 f.
2387 2774 2829 2851 possessore
2883 2755 3102 2845 etiam
3153 2775 3246 2849 qe,
3284 2775 3432 2835 nou
3481 2753 3816 2852 amplius.

505 2902 853 2968 exstante
890 2893 1270 2993 ⁵postulari
1318 2898 1633 2995 99‘2931&
1684 2916 1733 2966 a
1782 2891 2019 2969 malae
2060 2891 2238 2971 fidei
2274 2917 2719 2994 possessore
2761 2901 2906 2971 tum
2951 2902 3259 2990 tantum,
3311 2900 3384 2975 si
3415 2900 3792 2997 impensae
3807 2950 3816 2993 .·

505 3037 600 3112 ab
654 3059 747 3111 eo
798 3036 1049 3112 factae
1101 3034 1345 3113 adhue
1397 3034 1663 3113 durant
1715 3043 1793 3138 et
1826 3044 2164 3136 exstant.
2240 3035 2372 3110 Fr.
2410 3038 2508 3118 38
2550 3034 2646 3114 de
2685 3035 2839 3116 her.
2886 3043 3036 3134 pet.
3080 3036 3204 3130 (5,
3238 3038 3350 3127 3).
3452 3035 3793 3113 Plerum-

509 3201 651 3275 que
704 3176 992 3276 quidem
1030 3176 1189 3274 ‚hoc
1238 3175 1630 3282 discrimen
1664 3179 1874 3282 „inter
1912 3179 2293 3276 ‘impensas
2336 3183 2727 3276 exstantes
2767 3183 2844 3251 et
2895 3198 3042 3249 non
3086 3180 3472 3250 exstantes
3513 3173 3612 3249 ad
3653 3178 3791 3252 im-

506 3342 780 3418 pensas
832 3322 1051 3400 utiles
1108 3329 1380 3420 tantum
1448 3319 1841 3420 refertur„
1890 3329 1970 3393 at
2031 3326 2293 3398 contra
2359 3318 2567 3418 clera
2633 3325 2711 3420 et
2776 3341 3143 3417 expressa
3173 3317 3598 3417 ‘fragmenti
3668 3323 3822 3396 cit.-

506 3460 784 3551 verba,
841 3461 1036 3556 quod
1089 3462 1184 3537 de
1232 3465 1581 3562 Mpensis
1632 3469 1709 3537 et
1759 3423 2204 3536 necessariis
2257 3467 2334 3534 et
2380 3459 2681 3533 utilibus
2730 3458 3090 3556 loquitur,
3163 3482 3260 3558 aq
3298 3425 3813 3553 solummodo‚·

510 3602 634 3680 ubi
684 3599 780 3676 de
831 3604 1308 3678 restituendis
1358 3609 1703 3707 impensis
1756 3607 2002 3702 agitur
2027 3659 2047 3696 ,
2102 3606 2292 3679 inter
2341 3603 2584 3680 honae
2635 3600 2810 3679 fidei
2863 3610 2940 3679 et
2989 3603 3224 3678 malae
3274 3601 3450 3678 fidei
3487 3626 3795 3703 posses-

516 3767 758 3820 sorem
808 3741 1188 3820 discernit.
1289 3743 1516 3820 Patet
1566 3755 1809 3821 autem
1849 3769 1988 3847 per
2028 3768 2153 3838 se,
2206 3749 2367 3823 cum
2417 3751 2560 3848 ipsi
2610 3748 2895 3862 fructus
2943 3745 3376 3823 restituendi
3426 3749 3609 3842 sint,
3660 3751 3797 3822 im-

508 3907 784 3982 pensas
835 3889 909 3959 in
959 3886 1243 3961 fructus
1294 3883 1582 3978 factas,
1637 3886 2134 3963 restituendas
2194 3908 2405 3981 esse3
2455 3887 2549 3961 fr.
2598 3881 2690 3960 51
2749 3888 2915 3961 fam.
2965 3886 3168 3963 herc.
3223 3891 3395 3981 (10,
3430 3891 3519 3980 2)
3568 3887 3662 3964 fr.
3695 3890 3796 3964 36

514 4034 588 4113 S.
641 4028 770 4102 ult.
826 4029 925 4106 de
973 4030 1130 4107 her.
1183 4040 1332 4131 pet.
1389 4032 1517 4124 (5,
1554 4031 1685 4123 3)3
1764 4028 1977 4105 valet
2039 4038 2283 4105 tamen
2345 4029 2467 4106 hic
2534 4051 2822 4127 quoqne
2874 4017 3292 4106 discrimen
3314 4033 3507 4107 inter
3555 4032 3797 4140 bonae

436 4197 451 4216 ·
515 4177 593 4245 et
642 4173 880 4248 malae
932 4174 1054 4249 fid.
1108 4159 1660 4276 possessorem,
1712 4171 1822 4247 ita
1870 4180 1950 4248 ut
2000 4172 2241 4248 bonae
2290 4167 2465 4244 fidei
2504 4149 2925 4271 possessori
2966 4173 3185 4244 etiam
3224 4173 3593 4284 impensas
3637 4172 3798 4249 fru-

597 4408 717 4486 21)
770 4409 1036 4468 fluebant
1072 4412 1144 4484 3.
1187 4414 1311 4473 358
1351 4417 1408 4476 b.
1494 4415 1746 4490 cocoeji
1778 4411 1918 4522 ‘jus
1938 4411 2222 4480 controv.
2277 4417 2348 4477 L.
2391 4414 2492 4475 25.
2542 4421 2586 4475 t.
2626 4417 2676 4475 1.
2761 4413 3160 4522 Ιιαιιιονῠιιοή
3215 4418 3358 4478 coll.
3399 4417 3471 4474 L.
3513 4413 3613 4478 25.
3664 4422 3707 4476 t.
3746 4419 3800 4477 1.

759 4514 827 4590 ς.
868 4516 967 4576 1o.
1065 4517 1269 4578 Vateu
1309 4522 1374 4597 §-
1417 4523 1561 4618 sos.

600 4619 718 4696 29)
767 4620 936 4682 Thio.
978 4622 1164 4697 §Banu
1209 4611 1274 4702 ΒΞ
1317 4605 1441 4687 358
1482 4646 1534 4689 ο.

23 5697 123 5740 ’κμ-
2549 5695 2558 5702 .

124 5717 4441 6002 —

146 5869 199 5926 ὗε
