4782 6002
1409 294 1451 367 a
1508 289 2093 378 conventionali,
2138 289 2319 392 quia
2371 283 2568 361 illud
2607 301 2839 388 potest
2881 282 3231 388 constitui
3267 282 3428 356 sine
3463 280 3923 386 possessionis
3967 281 4219 358 tradi-

1410 418 1647 507 tione,
1684 416 1830 493 hoc
1865 424 2039 493 vero
2074 414 2574 518 nequaquam.

1510 545 1611 616 Ut
1660 543 1858 617 bona
1912 537 2648 645 comprehendantur
2697 534 3150 639 hypotheca,
3195 535 3460 609 sufficit
3502 533 3709 636 quod
3749 559 3830 607 ea
3876 534 4076 607 bona
4121 535 4211 607 in

1405 668 1834 745 dominium
1867 668 2224 744 debitoris
2260 664 2481 741 semel
2521 664 2994 768 pervenerint
3034 661 3209 736 licet
3248 660 3493 765 postea
3540 659 3837 736 debitor
3884 660 4207 736 desiniat

1407 795 1834 870 dominium
1880 821 2140 869 eorum
2182 792 2478 867 habere.
2517 793 2720 866 Bona
2764 788 2984 863 semel
3022 787 3280 862 affecta
3325 804 3713 862 transeunt
3762 785 3845 859 in
3894 786 4204 860 tertium

1409 947 1883 1025 possessorem
1920 947 2096 995 cum
2134 922 2260 994 sua
2303 920 2540 992 causa.

1508 1046 1628 1121 Ad
1661 1045 2114 1121 firmandam
2147 1042 2651 1148 hypothecam
2704 1039 2910 1114 nulla
2959 1058 3065 1113 est
3098 1040 3448 1143 requisita
3502 1038 3744 1113 forma
3791 1065 3927 1113 nec
3973 1038 4204 1112 tradi-

1408 1173 1548 1259 tio,
1596 1172 1751 1247 solo
1802 1197 2159 1246 consensu
2201 1169 2515 1244 elicitur.
2562 1170 2700 1241 Per
2745 1165 3130 1270 epistolam
3177 1182 3417 1268 potest
3449 1181 3869 1239 contractus
3910 1164 4086 1238 iniri
4128 1182 4202 1237 et

1404 1325 1539 1402 per
1585 1297 2138 1398 aliamcumque
2179 1295 2552 1399 privatam
2589 1292 3052 1397 scripturam.

2030 1574 2140 1660 l.⁰
2208 1576 2422 1689 Quae
2479 1580 2840 1661 veniant
2899 1581 2992 1660 in
3049 1579 3584 1691 hypothecd?

1505 1807 1948 1913 Hypotheca
2003 1826 2237 1911 potest
2288 1808 2640 1883 constitui
2697 1809 2850 1882 tam
2899 1834 3118 1912 super
3154 1808 3368 1884 bonis
3409 1807 3925 1912 praesentibus,
3965 1807 4197 1911 quam

1407 1961 1628 2039 super
1677 1933 1968 2009 futuris.
2022 1938 2118 2009 Et
2174 1934 2514 2038 procedit
2544 1934 2806 2009 eadem
2841 1934 3253 2024 conclusio,
3290 1935 3348 2009 si
3386 1933 3682 2010 debitor
3719 1934 3947 2008 etiam
3988 1933 4195 2008 nulla

1404 2063 1605 2135 bona
1644 2060 1916 2135 habeat
1954 2059 2050 2136 de
2078 2063 2453 2165 praesenti3
2495 2059 2727 2164 quare
2757 2061 3062 2136 sufficiet
3096 2061 3417 2165 probare
3455 2059 3668 2163 quod
3718 2060 3976 2162 aliquo
4014 2078 4201 2135 tem·

1405 2213 1586 2291 pore
1625 2187 1825 2262 bona
1864 2187 2151 2261 fuerint
2188 2213 2498 2291 possessa
2538 2191 2582 2261 a
2625 2187 2977 2262 debitore.
3021 2191 3110 2261 In
3157 2186 3452 2291 speciali
3484 2204 3735 2262 autem
3774 2183 4194 2290 hypotheca

1403 2314 1656 2417 regula
1708 2314 2081 2388 contraria
2134 2312 2384 2388 danda
2441 2333 2572 2402 est,
2628 2332 2712 2388 ut
2766 2340 2878 2388 res
2932 2340 3101 2418 quae
3142 2313 3497 2389 debitoris
3546 2342 3700 2389 non
3743 2330 3878 2398 est,
3930 2311 4194 2414 subjici

1403 2435 1845 2542 hypothecae
1882 2463 2038 2511 non
2076 2437 2326 2541 possit,
2373 2438 2554 2540 quia
2595 2464 2705 2512 res
2729 2437 2974 2514 aliena
3009 2436 3354 2512 nondum
3383 2437 3746 2540 acquisita
3773 2437 3820 2510 a
3857 2425 4196 2512 debitore

1405 2563 1722 2664 obligari
1757 2590 1912 2639 non
1952 2581 2204 2667 potest.

1504 2690 1692 2764 Dari
1727 2709 2034 2794 possunt
2070 2688 2514 2794 hypothecae
2551 2689 2707 2763 tam
2743 2690 3157 2794 corporales
3185 2716 3414 2792 quam
3447 2688 3945 2793 incorporales
3980 2715 4096 2763 res
4126 2707 4201 2762 et

1404 2842 1572 2917 quae
1603 2843 1760 2890 non
1796 2833 2003 2904 sunt,
2045 2834 2129 2890 ut
2155 2814 2440 2890 fructus
2476 2813 2911 2918 pendentes,
2946 2834 3200 2920 partus
3236 2815 3557 2903 ancillae,
3588 2815 3812 2890 foetus
3843 2841 4196 2919 pecorum

1406 2960 1477 3018 et
1520 2968 1604 3018 ea
1642 2968 1812 3044 quae
1854 2960 2278 3017 nascuntur.

1507 3071 1618 3145 Ex
1657 3068 1878 3144 rebus
1914 3067 2510 3173 incorporalibus
2539 3067 2804 3171 subjici
2848 3088 3152 3173 possunt
3181 3067 3661 3174 hypothecae.

1518 3226 1573 3267 1.
1577 3194 2009 3268 ⁰Nomina·
1991 3251 2011 3285 ,

1510 3317 1603 3391 2.⁰
1655 3318 2155 3406 Usnsfructus,
2207 3317 2358 3392 sive
2413 3316 2766 3392 dominus
2812 3317 3283 3422 proprietatis
3338 3316 3772 3392 convenerit
3790 3373 3808 3404 ‚
3860 3316 4011 3391 sive
4069 3317 4199 3390 ille

1409 3444 1542 3547 qui
1588 3443 1828 3518 solum
1873 3443 2347 3519 usufructum
2382 3443 2646 3536 habet3

1514 3569 1606 3642 3.⁰
1655 3570 2048 3645 Servitutes
2082 3571 2251 3660 viae,
2289 3570 2574 3645 itineris
2610 3588 2848 3657 actuS,
2880 3568 3396 3671 aquaeductus,
3427 3568 3555 3644 sed
3590 3569 3730 3643 sub
3765 3567 4200 3644 conditione

1408 3713 1494 3767 ut
1536 3694 1637 3769 eis
1676 3693 2001 3768 creditor
2040 3712 2328 3782 utatur,
2364 3693 2639 3769 scilicet
2678 3694 2736 3766 si
2779 3692 3118 3767 vicinum
3160 3692 3504 3787 fundum·
3532 3691 3843 3801 habeat5

1511 3819 1603 3912 4⁰
1651 3819 1950 3922 Militiae
1993 3847 2162 3924 quae
2198 3817 2424 3895 vendi
2464 3819 2579 3893 vel
2608 3817 2706 3893 ad
2745 3817 3069 3894 ham-edes
3095 3820 3232 3894 sub
3268 3822 3465 3896 certa
3499 3817 3933 3894 definitione
3963 3837 4200 3892 tmus-

1406 3945 1602 4020 mitti
1645 3966 1986 4050 possunt,
2027 3947 2197 4020 licet
2232 3943 2729 4019 creditoribus
2759 3941 2921 4045 jure
2953 3943 3396 4049 hypothecae
3433 3944 3836 4020 vindicare.

1504 4073 1643 4145 Res
1683 4091 1860 4148 sunt
1904 4097 2072 4173 quae
2112 4097 2265 4146 non
2308 4069 2759 4147 commercio
2789 4071 3302 4174 surripiuntur
3336 4070 3431 4146 de
3464 4071 3611 4144 illis
3639 4089 3885 4145 tamen
3933 4066 4201 4171 prohi-

1404 4197 1610 4271 bitur
1653 4184 1876 4272 neims
1924 4195 2398 4300 hypothecae3
2436 4196 2612 4271 tales
2645 4215 2863 4271 sunt:
