4782 6002
624 3122 1123 3232 Acadama
1170 3151 1466 3224 nostrae
1511 3145 1984 3245 Restitutori,
2037 3145 2465 3229 cAnoLo
2514 3146 3086 3228 nummum
3107 3202 3132 3246 ‚
3199 3146 3321 3225 hic
3383 3144 3543 3223 dies
3608 3144 3841 3222 festus
3891 3142 4029 3221 ‹10-

622 3281 904 3362 dicatur
948 3288 1092 3388 piis
1139 3289 1417 3389 patriae
1464 3289 1700 3383 votis,
1751 3291 2048 3365 coronis
2098 3291 2657 3369 commilitonum
2705 3289 3104 3368 industriae
3153 3290 3479 3391 erogatis
3494 3341 3520 3386 ,
3571 3286 3809 3364 fausta
3854 3285 4025 3365 feli-

551 3389 572 3412 s
619 3427 835 3526 cique
881 3429 1106 3502 totius
1154 3427 1352 3502 urbis
1408 3426 1933 3506 celebratione.

741 3656 752 3659 0
820 3568 964 3661 Qui
1012 3569 1175 3647 dies
1224 3593 1382 3648 cum
1431 3573 1721 3674 publice
1768 3572 2065 3652 dicendi
2115 3575 2620 3652 necessitatem
2669 3572 2835 3649 mihi
2885 3572 3348 3674 imposuerit,
3407 3577 3488 3648 ut
3535 3569 3856 3671 benigue
3912 3592 4026 3648 me

546 3791 557 3805 ,
621 3706 930 3786 audiatis
964 3713 1506 3814 orationemque
1539 3713 1727 3792 banc
1759 3714 1851 3793 ab
1889 3716 2082 3792 omni
2114 3713 2493 3793 doctrinae
2523 3714 2919 3791 subtilitate
2948 3720 3297 3791 remotam
3331 3714 3713 3816 accipiatis
3738 3733 4033 3819 precor.

823 3849 1054 3942 Quum
1093 3851 1672 3955 jurisprudentia
1718 3861 1983 3931 tantum
2060 3877 2196 3957 pro
2246 3863 2452 3957 parte
2494 3856 2697 3932 orbis
2748 3864 3095 3932 terrarum
3157 3851 3450 3933 divinos
3491 3852 3772 3931 fructus
3819 3850 4034 3947 ferat,
4194 3887 4199 3892 ·

621 3996 698 4064 et
741 4011 844 4064 ex
891 3990 1207 4070 decretis
1246 3993 1688 4095 judiciorum
1738 3998 2009 4099 optime
2059 4001 2615 4074 constitutorum
2662 4000 2845 4100 ipsis
2894 3998 3318 4099 saepissime
3364 4016 3501 4097 pro
3539 3997 3715 4095 jure
3760 3995 4029 4095 injuria

617 4128 782 4205 fiat:
835 4133 999 4230 quia
1045 4156 1191 4210 non
1241 4136 1476 4212 solum
1526 4159 1627 4213 ex
1674 4137 1872 4237 legis
1917 4137 2169 4216 verbis
2230 4137 2367 4216 sed
2421 4141 2663 4240 potius
2728 4160 2832 4214 ex
2897 4135 3073 4235 lege
3141 4138 3438 4235 cognitu
3505 4140 3582 4212 et
3627 4157 3729 4211 ex
3793 4139 4031 4211 mente

615 4269 811 4369 legis
851 4274 979 4371 jus
1025 4270 1539 4353 desumendum
1590 4288 1706 4355 est
1725 4332 1748 4375 ,
1800 4285 1878 4355 et
1924 4277 2119 4378 quod
2169 4277 2490 4381 plurimis
2538 4278 2728 4356 adeo
2778 4277 3068 4377 legibus
3113 4278 3429 4380 pessima
3489 4273 3902 4375 respublica
3943 4271 4030 4348 fit

615 4410 930 4512 denique
978 4436 1078 4491 ex
1124 4413 1413 4514 legibus
1464 4421 1648 4521 ipsis
1693 4422 2043 4522 inspectis
2093 4427 2169 4497 et
2214 4421 2536 4498 invicem
2588 4422 3023 4522 comparatis
3086 4421 3369 4495 minime
3435 4421 3776 4492 accurata
3826 4414 4025 4514 juris

613 4555 992 4657 perceptio
1059 4555 1409 4635 efficiturz
1488 4560 1972 4659 quaerendum
2036 4559 2366 4657 videtur,
2451 4584 2671 4661 qnare
2730 4562 3121 4663 praecipue
3185 4565 3440 4635 nostro
3510 4565 3835 4658 tempore
3900 4577 4025 4633 res

604 4686 1012 4794 judiciaria'
1043 4699 1145 4774 ita
1189 4698 1351 4776 fere
1397 4697 1925 4782 administretur
1940 4756 1965 4800 ‚
2016 4710 2098 4782 ut
2143 4703 2359 4806 pauci
2411 4709 2678 4782 tantum
2713 4700 3013 4803 judices
3060 4698 3497 4805 splendeant
3541 4721 3727 4778 vera
3771 4696 3831 4773 J
3830 4698 4021 4774 uris-

611 4836 1096 4917 consultorum
1143 4838 1388 4931 laude.

1141 5035 1148 5040 ,
3125 4967 3174 5043 1
