4782 6002
987 756 1073 850 2)
1129 753 1347 845 Quod
1398 752 1492 831 ad
1533 751 2035 830 solennitatem
2080 754 2486 828 testamenti
2530 750 2839 849 adtinet,
2888 752 3381 830 Jmtinianm
3415 757 3519 830 ita
3567 760 3976 835 constituitz
4025 763 4199 841 An-

787 897 1053 994 tiquum
1102 901 1587 970 testamentum
1641 914 1773 992 per
1823 895 2418 994 nuncupationem
2463 892 2824 968 transtulit
2870 895 2942 968 in
2999 896 3558 995 nuncupativum
3596 901 3707 990 1)=
3774 905 4201 979 revocatio-

786 1057 948 1110 nem
994 1036 1398 1110 testamenti
1453 1055 1599 1106 nou
1658 1039 1732 1106 ut
1789 1031 2004 1127 olim,
2058 1032 2419 1108 decennio
2485 1039 2751 1107 tantum
2810 1034 3356 1135 praeterlapso‚
3424 1035 3564 1112 sed
3632 1049 4010 1140 praeterea
4065 1041 4204 1119 gd-

649 1182 681 1200 *
787 1172 1030 1252 bibitis
1082 1172 1305 1247 tribus
1361 1170 1662 1248 testibus
1719 1170 1850 1246 vel
1904 1172 2391 1249 insinuatione
2441 1175 2515 1246 in
2559 1179 2724 1250 acta
2769 1172 3062 1275 publica
3106 1174 3306 1251 facta
3353 1175 3660 1258 admisit.
3777 1179 3907 1255 Ex
3953 1180 4209 1260 ordine

788 1316 1188 1413 scripturae
1232 1314 1313 1388 in
1350 1318 1775 1392 testamento
1812 1311 1916 1386 nil
1960 1311 2321 1414 pendebat
2352 1317 2467 1406 ²),
2517 1312 3118 1415 subscriptionem
3158 1317 3562 1409 testatoris,
3613 1320 3680 1391 si
3713 1325 4206 1400 testa-mmmm

788 1476 937 1536 non
982 1457 1144 1554 ipse
1191 1455 1616 1554 scripserat,
1685 1455 2104 1554 imperavit,
2181 1454 2649 1553 privilegium
2726 1452 2926 1530 dedit
2993 1453 3185 1550 illis,
3250 1421 3373 1553 qui
3429 1479 3662 1556 neque
3717 1460 3787 1533 iu
3856 1463 4157 1538 civitate
4184 1487 4226 1555 ‚·

789 1616 1022 1693 neque
1079 1597 1154 1670 in
1207 1596 1491 1689 castris,
1543 1592 1681 1669 sed
1721 1597 1864 1669 ruri
1910 1604 1989 1671 et
2037 1596 2226 1669 inter
2266 1592 2595 1669 homines
2631 1597 2825 1693 juris
2888 1595 3301 1695 imperitos,
3371 1594 3730 1674 literarum
3780 1565 4081 1697 ignaros
4132 1609 4211 1677 et

790 1737 1104 1812 rusticos
1139 1733 1492 1834 degerent
1524 1739 1620 1828 ⁸).
3769 1727 3778 1740 ⁰

989 1873 1076 1970 3>
1132 1876 1253 1952 De
1311 1873 1766 1949 instituendis
1815 1871 2205 1949 heredibus
2250 1872 2428 1948 nihil
2479 1876 2854 1949 constituit
2891 1879 2990 1969 4).

991 2016 1078 2109 4)
1133 2016 1251 2090 De
1295 2012 1831 2091 exheredandis
1884 2012 2269 2090 heredibus
2325 2022 2668 2089 accurate
2728 2035 2870 2088 non
2949 2014 3301 2112 cogitavit
3363 2021 3439 2088 et
3498 2017 3830 2116 scripsit=
3897 2018 3972 2093 in
4028 1996 4217 2116 jure

793 2176 1082 2230 suorum
1136 2154 1604 2232 differentiam
1652 2155 1943 2231 sustulit
1994 2158 2180 2231 inter
2228 2177 2462 2230 mares
2513 2161 2586 2229 et
2643 2152 2945 2230 feminas
3007 2153 3061 2229 l.
3111 2154 3184 2235 3.
3234 2152 3429 2232 cod.
3483 2152 3555 2229 6.
3605 2154 3724 2229 28.
3772 2154 3824 2229 l.
3872 2156 3948 2230 4.
4007 2154 4204 2234 Cod.

794 2293 868 2368 6.
920 2293 1042 2368 29.
1091 2294 1298 2370 Nov.
1354 2294 1526 2370 115.
1578 2294 1769 2370 unde
1811 2297 2315 2390 controversia
2367 2302 2632 2370 exorta
2683 2301 2797 2369 est
2844 2302 3251 2371 nostrorum
3318 2295 3803 2371 celeberrima.

997 2434 1083 2528 5)
1135 2435 1219 2512 ln
1268 2433 1602 2510 adeunda
1649 2434 2061 2513 hereditate
2117 2460 2217 2512 ex
2268 2436 2446 2535 lege
2500 2432 2618 2509 19.
2667 2431 2858 2511 Cod.
2899 2432 2971 2510 6.
3017 2435 3137 2515 30.
3195 2456 3343 2510 nou
3406 2433 3627 2509 docte
3677 2432 3908 2509 edixit
3953 2431 4052 2509 de
4107 2452 4205 2509 eo

754 2557 759 2568 ⁵
799 2596 973 2652 casu
992 2629 1015 2669 ‚
1069 2577 1133 2650 si
1178 2574 1390 2651 heres
1439 2574 1965 2653 deliberatione
2005 2575 2284 2655 minime
2335 2580 2561 2679 petita
2609 2578 2793 2651 intra
2835 2576 3095 2652 annale
3149 2583 3427 2678 tempus
3479 2581 3650 2678 post
3702 2572 4016 2650 delatam
4070 2571 4206 2647 he-

799 2713 1174 2791 reditatem
1228 2714 1636 2792 decesserit
1668 2721 1764 2812 ὅ).

992 2856 1078 2951 6)
1130 2857 1551 2932 Doctrinam
1618 2855 2023 2954 legatorum
2079 2863 2154 2932 et
2198 2854 2909 2934 fideicommissorum
2959 2879 3193 2933 rerum
3233 2856 3674 2956 singularum
3732 2854 4216 2954 exaequavit,

796 2994 929 3072 sed
980 2997 1119 3091 ita,
1154 3005 1231 3071 ut
1272 2997 1610 3098 pinguior
1654 3007 1906 3072 natura
1944 2996 2075 3076 vel
2127 2995 2530 3096 legatorum
2569 2995 2696 3075 vel
2755 2996 3470 3074 fideicommissorum
3524 3003 4086 3074 conservaretur
4113 2998 4212 3090 ⁶).

793 3138 914 3213 De
972 3136 1526 3232 fideicommisso
1564 3135 1814 3213 heredi
1849 3141 2215 3237 praesenti
2250 3140 2577 3236 injuncto
2608 3136 2923 3236 loquitur
2954 3139 3005 3212 l.
3028 3138 3150 3215 32.
3179 3135 3371 3218 cod.
3399 3137 3471 3213 6.
3500 3138 3621 3211 42.

996 3279 1083 3374 7)
1132 3279 1714 3366 Famosissimam
1761 3275 1966 3353 dedit
2001 3274 2496 3354 Justinianus
2544 3278 3127 3353 constitutionem
3176 3276 3271 3353 de
3318 3276 3615 3352 caducis
3664 3272 4019 3350 tollendis
4072 3272 4161 3371 (6
4189 3326 4213 3367 ,

799 3417 960 3514 51.)
1019 3442 1160 3519 qua
1205 3443 1440 3521 neque
1476 3425 1607 3522 Jus
1651 3421 2005 3517 antiquum
2053 3441 2285 3518 neque
2329 3422 2464 3519 jus
2515 3414 2920 3494 Julianum
2967 3422 3147 3494 satis
3198 3422 3332 3494 rite
3374 3429 3451 3494 et
3508 3420 3581 3493 in
3625 3415 4077 3509 notionibus,
4146 3421 4221 3489 et

799 3562 869 3636 in
942 3561 1193 3636 verbis
1268 3560 1652 3656 distinxit,
1762 3567 1977 3661 atque
2052 3558 2561 3662 interpretibus
2664 3582 2873 3655 quam
2963 3530 3337 3636 maximam
3420 3559 3989 3635 controversiam
4071 3574 4215 3631 ex-

804 3704 1056 3778 citavit
1101 3706 1196 3797 ⁷).

965 3926 1040 4004 1)
1081 3934 1129 3991 Ι.
1169 3932 1287 3994 26.
1327 3929 1472 3990 Cod.
1518 3930 1575 3987 b.
1613 3934 1656 3988 t.

968 4035 1045 4102 2)
1086 4036 1128 4091 1.
1171 4034 1284 4093 24.
1324 4034 1474 4093 cod.
1514 4035 1574 4094 b.
1615 4038 1663 4094 t.

959 4134 1043 4213 3)
1082 4142 1130 4198 l.
1182 4137 1286 4200 31.
1331 4141 1466 4199 eod.
1552 4173 1563 4179 -

961 4246 1042 4316 4)
1085 4245 1360 4304 Heredes
1396 4247 1458 4304 in
1502 4262 1570 4305 re
1610 4253 1779 4307 certa
1813 4249 2070 4323 scriptos
2109 4251 2443 4327 legatarios
2495 4250 2680 4331 tecit,
2733 4249 3043 4325 ipsamque
3095 4247 3338 4308 heredis
3398 4253 3609 4306 certae
3664 4247 3753 4305 rei
3811 4244 4215 4305 definitionem

806 4350 1068 4408 confecit
1108 4352 1153 4408 l.
1204 4345 1307 4410 13.
1353 4350 1499 4409 Cod-
1539 4348 1601 4415 6.
1645 4351 1763 4412 24.
1809 4353 2133 4413 infaustam
2175 4355 2661 4415 constitutionem
2704 4355 2879 4434 tulit,
2937 4368 3094 4428 quae
3134 4352 3212 4411 ad
3253 4351 3743 4412 auhstitutionem
3786 4357 3985 4409 mente
4027 4346 4220 4421 captis

806 4453 1028 4510 tactam
1068 4454 1299 4513 adtinet
1336 4456 1382 4514 1.
1434 4454 1499 4513 9.
1548 4451 1655 4514 10.
1698 4457 1841 4515 cod.
1888 4458 1954 4517 6.
2006 4459 2124 4516 26.

969 4554 1047 4628 6)
1092 4560 1283 4630 Legis
1325 4560 1441 4620 22.
1486 4560 1647 4629 §mm
1700 4556 1753 4620 1.
1794 4562 1938 4620 cod.
1968 4563 2037 4627 h.
2081 4567 2123 4621 t.
2171 4564 2257 4623 ita
2297 4564 2476 4639 tulit,
2518 4568 2620 4638 ut,
2673 4563 2833 4639 quod
2875 4565 3238 4638 interpretes
3294 4563 3687 4638 grammatice
3740 4563 4043 4629 statuant,
4110 4570 4219 4613 ra-

809 4658 955 4719 tioni
996 4674 1115 4717 uon
1157 4663 1503 4721 conveniat.
2206 4664 2219 4677 ⁸

972 4765 1013 4822 6
1100 4764 1163 4821 8.
1189 4764 1305 4823 43.

968 4757 1054 4940 ’ἷζ
1086 4870 1953 4963 Legem-stssljmnieqellm
1993 4877 2072 4937 de
2109 4874 2415 4938 viduitate
2454 4877 2720 4938 sustulit.
2800 4879 3040 4937 Poenae
3080 4877 3316 4937 nomine
3357 4878 3572 4936 relicta
3611 4872 3865 4933 admisit.
3908 4873 3976 4939 6.
4019 4872 4138 4934 41.
