4782 6002
1900 360 1984 434 51

1295 730 1591 843 ‚ms
1668 698 2588 855 ROM'ANUM.

672 1253 911 1366 Dc
984 1251 1929 1397 pignoribus
1998 1253 2162 1364 et
2240 1254 3219 1397 hypothecis.

1580 1841 1862 1940 Pignus
1910 1840 2091 1944 quid
2136 1846 2233 1915 sit
2257 1843 2298 1910 ,Ρ

645 2061 918 2165 Pignus
957 2061 1436 2166 appellatur
1416 2088 1460 2135 a
1497 2088 1786 2162 pugno,
1831 2064 2012 2165 quia
2057 2089 2168 2137 res
2214 2086 2384 2166 quae
2427 2063 2725 2167 pignori
2766 2064 3048 2141 dantur
3105 2095 3339 2144 manu

544 2186 982 2278 traduntur,
1034 2184 1240 2262 unde
1292 2185 1516 2261 etiam
1571 2187 1812 2262 videri
1868 2205 2103 2292 potest
2155 2188 2361 2339 quod
2403 2188 2717 2290 quidam
2757 2209 3030 2293 putant
3069 2192 3338 2296 pignus
3409 2258 3413 2267 .

541 2312 846 2417 proprie
880 2313 989 2388 rei
1027 2311 1328 2387 mobilis
1365 2312 1733 2388 constitui.
2026 2390 2033 2398 ,

638 2436 977 2513 Secunda
1014 2455 1120 2512 est
1159 2435 1525 2527 definitio,
1563 2455 1649 2513 ut
1681 2439 1949 2542 pignus
1981 2438 2076 2512 sit
2100 2439 2345 2514 omnis
2374 2465 2487 2513 res
2516 2467 2655 2543 pro
2690 2439 2947 2515 debito
2980 2441 3337 2544 obligata,

540 2564 883 2667 quamvis
916 2581 1165 2638 autem
1202 2563 1473 2667 pignus
1509 2590 1552 2636 a
1587 2589 1841 2667 pugno
1874 2564 2169 2639 dicatur
2211 2586 2367 2640 non
2407 2563 2674 2639 exinde
2713 2584 2963 2640 tamen
3001 2566 3342 2641 aufertur

538 2707 624 2763 ut
651 2689 921 2794 pignus
961 2714 1120 2764 non
1149 2686 1522 2777 consistat,
1559 2687 1705 2763 nisi
1743 2689 1828 2762 in
1859 2686 1977 2763 his
2021 2689 2274 2775 rebus»,
2308 2715 2478 2791 quae
2512 2716 2747 2763 manu
2781 2690 2949 2791 capi
2989 2709 3331 2792 possunt,

539 2814 621 2891 id
662 2834 798 2903 est,
840 2815 925 2889 in
965 2813 1183 2889 bonis
1225 2813 1662 2903 mobilibus,
1700 2815 1892 2916 quin
1932 2815 2159 2890 etiam
2196 2792 2722 2891 immobilibus
2750 2815 3261 2891 contrahatur.

1374 3147 1379 3154 ¹
1497 3064 1930 3164 Hypotheca
1979 3064 2159 3167 quid
2204 3069 2356 3139 sit?

631 3266 794 3340 Hoc
843 3263 1187 3350 verbum,
1244 3262 1701 3368 hypotheca,
1756 3264 2234 3367 componitur
2287 3292 2375 3337 ex
2429 3262 2720 3337 duabus
2787 3266 2978 3337 notis
3046 3265 3326 3364 graecis,

532 3417 857 3494 quarum
888 3390 1132 3495 prima
1164 3389 1299 3465 sub
1319 3448 1344 3476 ,
1384 3390 1614 3464 altera
1643 3416 1921 3489 ponere
1956 3388 2338 3493 significat.

630 3514 967 3620 Pignoris
1017 3514 1513 3620 appellatione
1565 3541 1730 3589 eam
1786 3511 2089 3621 proprie
2128 3541 2287 3590 rem
2330 3514 2701 3589 contineri
2748 3513 3070 3589 dicimus
3086 3571 3104 3601 ‚
3150 3542 3320 3617 quae

530 3643 750 3717 simul
787 3643 1011 3720 etiam
1051 3641 1376 3717 traditur
1411 3641 1794 3731 creditori,
1841 3640 2161 3717 maxime
2199 3642 2258 3716 si
2300 3641 2599 3717 mobilis
2640 3640 2733 3714 sit
2746 3673 2765 3733 3
2827 3660 2904 3715 at
2943 3668 3108 3715 eam
3150 3669 3318 3743 quae

529 3770 689 3844 sine
716 3769 1117 3845 traditione
1152 3768 1355 3844 nuda
1385 3768 1879 3845 conventione
1915 3786 2238 3858 tenetur,
2268 3765 2572 3872 proprie
2596 3765 3042 3871 hypothecae
3067 3769 3306 3966 appell·

524 3897 808 3971 latione
848 3896 1216 3982 contineri
1262 3895 1601 3971 dicimus.
1642 3891 1761 3989 (L.
1794 3921 1875 3993 9,
1914 3894 1983 4006 5
2026 3923 2090 3968 2.
2136 3896 2229 3969 D.
2271 3893 2366 3969 de
2397 3894 2685 3998 pignor.
2719 3912 2792 3968 et
2820 3913 2989 3982 act,
3033 3898 3100 3986 5.
3155 3924 3220 3989 7,
3262 3897 3314 3966 Ι.

526 4023 621 4099 de
653 4022 821 4120 act.)
1220 4041 1225 4046 ’
3279 4091 3288 4098 .

624 4154 829 4225 Inter
858 4129 1129 4254 pignus
1158 4167 1409 4223 autem
1441 4165 1514 4222 et
1552 4116 2089 4251 hypothecam,
2136 4163 2509 4246 quantum
2544 4146 2642 4220 ad
2676 4147 3047 4221 actionem
3076 4144 3319 4250 hypo-

529 4273 932 4349 thecariam
971 4276 1268 4364 attinet,
1319 4271 1514 4347 nihil
1571 4273 1911 4364 interest3
1975 4299 2154 4346 nam
2198 4271 2292 4346 de
2330 4298 2478 4374 qua
2522 4299 2603 4345 re
2637 4272 2832 4345 inter
2870 4272 3315 4346 creditorem

525 4420 598 4476 et
652 4400 1064 4478 debitorem
1100 4399 1560 4487 convenerit,
1614 4418 1699 4474 ut
1758 4400 1851 4474 sit
1911 4425 2048 4502 pro
2086 4397 2339 4472 debito
2396 4398 2754 4500 obligata,
2810 4401 3125 4501 utraque
3171 4397 3310 4473 hac
