<?xml version="1.0" encoding="UTF-8"?>
<!DOCTYPE html PUBLIC "-//W3C//DTD XHTML 1.0 Transitional//EN"
    "http://www.w3.org/TR/xhtml1/DTD/xhtml1-transitional.dtd">
<html xmlns="http://www.w3.org/1999/xhtml" xml:lang="en" lang="en">
 <head>
  <title>
</title>
<meta http-equiv="Content-Type" content="text/html;charset=utf-8" />
  <meta name='ocr-system' content='tesseract 3.04.00' />
  <meta name='ocr-capabilities' content='ocr_page ocr_carea ocr_par ocr_line ocrx_word'/>
</head>
<body>
  <div class='ocr_page' id='page_1' title='image "./diesinterpellat00beckgoog_0682.png"; bbox 0 0 4782 6002; ppageno 0'>
   <div class='ocr_carea' id='block_1_1' title="bbox 976 288 4290 4035">
    <p class='ocr_par' dir='ltr' id='par_1_1' title="bbox 988 288 4287 1938">
     <span class='ocr_line' id='line_1_1' title="bbox 1191 288 4278 400; baseline 0.001 -25"><span class='ocrx_word' id='word_1_1' title='bbox 1191 298 1307 377; x_wconf 88' lang='lat' dir='ltr'><strong>Ob</strong></span> <span class='ocrx_word' id='word_1_2' title='bbox 1359 297 1535 391; x_wconf 84' lang='lat' dir='ltr'><strong>has,</strong></span> <span class='ocrx_word' id='word_1_3' title='bbox 1605 292 2204 394; x_wconf 80' lang='lat' dir='ltr'><strong>quemadmodum</strong></span> <span class='ocrx_word' id='word_1_4' title='bbox 2253 288 2351 369; x_wconf 86' lang='lat' dir='ltr'><strong>ob</strong></span> <span class='ocrx_word' id='word_1_5' title='bbox 2404 293 2593 368; x_wconf 78' lang='lat' dir='ltr'><strong>alias</strong></span> <span class='ocrx_word' id='word_1_6' title='bbox 2642 297 3005 394; x_wconf 83' lang='lat' dir='ltr'><strong>impensas</strong></span> <span class='ocrx_word' id='word_1_7' title='bbox 3054 316 3348 394; x_wconf 78' lang='lat' dir='ltr'><strong>semper</strong></span> <span class='ocrx_word' id='word_1_8' title='bbox 3410 297 3774 394; x_wconf 82' lang='lat' dir='ltr'><strong>postulari</strong></span> <span class='ocrx_word' id='word_1_9' title='bbox 3835 307 4124 400; x_wconf 81' lang='lat' dir='ltr'><strong>potest,</strong></span> <span class='ocrx_word' id='word_1_10' title='bbox 4193 316 4278 377; x_wconf 88' lang='lat' dir='ltr'><strong>ut</strong></span> 
     </span>
     <span class='ocr_line' id='line_1_2' title="bbox 992 434 4281 538; baseline -0.001 -20"><span class='ocrx_word' id='word_1_11' title='bbox 992 463 1117 518; x_wconf 84' lang='lat' dir='ltr'><strong>res</strong></span> <span class='ocrx_word' id='word_1_12' title='bbox 1168 439 1560 517; x_wconf 88' lang='lat' dir='ltr'><strong>communis</strong></span> <span class='ocrx_word' id='word_1_13' title='bbox 1611 434 1987 512; x_wconf 79' lang='lat' dir='ltr'><strong>dividatur</strong></span> <span class='ocrx_word' id='word_1_14' title='bbox 2006 488 2027 529; x_wconf 91' lang='lat'><strong><em>‚</em></strong></span> <span class='ocrx_word' id='word_1_15' title='bbox 2060 436 2219 519; x_wconf 73' lang='lat' dir='ltr'><strong>,nisi</strong></span> <span class='ocrx_word' id='word_1_16' title='bbox 2270 437 2746 527; x_wconf 86' lang='lat' dir='ltr'><strong>convenerit,</strong></span> <span class='ocrx_word' id='word_1_17' title='bbox 2797 456 2892 508; x_wconf 90' lang='lat' dir='ltr'><strong>ne</strong></span> <span class='ocrx_word' id='word_1_18' title='bbox 2942 437 3135 509; x_wconf 86' lang='lat' dir='ltr'><strong>iutra</strong></span> <span class='ocrx_word' id='word_1_19' title='bbox 3183 442 3461 511; x_wconf 88' lang='lat' dir='ltr'><strong>certum</strong></span> <span class='ocrx_word' id='word_1_20' title='bbox 3513 443 3799 538; x_wconf 81' lang='lat' dir='ltr'><strong>tempus</strong></span> <span class='ocrx_word' id='word_1_21' title='bbox 3849 439 4038 517; x_wconf 85' lang='lat' dir='ltr'><strong>haec</strong></span> <span class='ocrx_word' id='word_1_22' title='bbox 4079 439 4281 517; x_wconf 76' lang='lat' dir='ltr'><strong>divi-</strong></span> 
     </span>
     <span class='ocr_line' id='line_1_3' title="bbox 991 571 4281 677; baseline -0.001 -21"><span class='ocrx_word' id='word_1_23' title='bbox 991 583 1105 656; x_wconf 86' lang='lat' dir='ltr'><strong>sio</strong></span> <span class='ocrx_word' id='word_1_24' title='bbox 1154 579 1305 654; x_wconf 87' lang='lat' dir='ltr'><strong>fiat.</strong></span> <span class='ocrx_word' id='word_1_25' title='bbox 1406 575 1693 668; x_wconf 80' lang='lat' dir='ltr'><strong>Quodsi</strong></span> <span class='ocrx_word' id='word_1_26' title='bbox 1743 600 1931 653; x_wconf 85' lang='lat' dir='ltr'><strong>vero</strong></span> <span class='ocrx_word' id='word_1_27' title='bbox 1984 575 2255 653; x_wconf 88' lang='lat' dir='ltr'><strong>divisio</strong></span> <span class='ocrx_word' id='word_1_28' title='bbox 2303 579 2548 651; x_wconf 82' lang='lat' dir='ltr'><strong>statim</strong></span> <span class='ocrx_word' id='word_1_29' title='bbox 2595 571 2852 674; x_wconf 82' lang='lat' dir='ltr'><strong>perfici</strong></span> <span class='ocrx_word' id='word_1_30' title='bbox 2903 575 3193 671; x_wconf 88' lang='lat' dir='ltr'><strong>nequit,</strong></span> <span class='ocrx_word' id='word_1_31' title='bbox 3243 577 3628 650; x_wconf 88' lang='lat' dir='ltr'><strong>cautiones</strong></span> <span class='ocrx_word' id='word_1_32' title='bbox 3669 585 3877 653; x_wconf 88' lang='lat' dir='ltr'><strong>certe</strong></span> <span class='ocrx_word' id='word_1_33' title='bbox 3918 580 4281 677; x_wconf 86' lang='lat' dir='ltr'><strong>postulari</strong></span> 
     </span>
     <span class='ocr_line' id='line_1_4' title="bbox 990 713 4280 824; baseline -0.001 -27"><span class='ocrx_word' id='word_1_34' title='bbox 990 728 1321 824; x_wconf 83' lang='lat' dir='ltr'><strong>possunt.</strong></span> <span class='ocrx_word' id='word_1_35' title='bbox 1423 718 1554 794; x_wconf 74' lang='lat' dir='ltr'><strong>Fr.</strong></span> <span class='ocrx_word' id='word_1_36' title='bbox 1606 722 1657 792; x_wconf 84' lang='lat'>8</span> <span class='ocrx_word' id='word_1_37' title='bbox 1707 742 1819 819; x_wconf 89' lang='lat' dir='ltr'><strong>pr.</strong></span> <span class='ocrx_word' id='word_1_38' title='bbox 1873 717 1966 792; x_wconf 86' lang='lat' dir='ltr'><strong>fr.</strong></span> <span class='ocrx_word' id='word_1_39' title='bbox 2024 719 2139 793; x_wconf 73' lang='lat'><strong>19.</strong></span> <span class='ocrx_word' id='word_1_40' title='bbox 2206 716 2299 792; x_wconf 86' lang='lat' dir='ltr'><strong>fr.</strong></span> <span class='ocrx_word' id='word_1_41' title='bbox 2352 718 2451 790; x_wconf 73' lang='lat'><strong>25</strong></span> <span class='ocrx_word' id='word_1_42' title='bbox 2499 724 2574 804; x_wconf 68' lang='lat' dir='ltr'><strong>s.</strong></span> <span class='ocrx_word' id='word_1_43' title='bbox 2633 718 2728 790; x_wconf 82' lang='lat'><strong>10</strong></span> <span class='ocrx_word' id='word_1_44' title='bbox 2776 713 2865 791; x_wconf 87' lang='lat' dir='ltr'><strong>C.</strong></span> <span class='ocrx_word' id='word_1_45' title='bbox 2919 714 3085 790; x_wconf 84' lang='lat' dir='ltr'><strong>fam.</strong></span> <span class='ocrx_word' id='word_1_46' title='bbox 3136 714 3293 791; x_wconf 88' lang='lat' dir='ltr'><strong>her.</strong></span> <span class='ocrx_word' id='word_1_47' title='bbox 3345 718 3523 810; x_wconf 73' lang='lat'><strong>(2⁰,</strong></span> <span class='ocrx_word' id='word_1_48' title='bbox 3567 720 3678 812; x_wconf 73' lang='lat'><strong>2).</strong></span> <span class='ocrx_word' id='word_1_49' title='bbox 3750 717 3843 791; x_wconf 89' lang='lat' dir='ltr'><strong>fr.</strong></span> <span class='ocrx_word' id='word_1_50' title='bbox 3897 722 4013 793; x_wconf 80' lang='lat'><strong>15.</strong></span> <span class='ocrx_word' id='word_1_51' title='bbox 4090 720 4182 794; x_wconf 83' lang='lat' dir='ltr'><strong>fr.</strong></span> <span class='ocrx_word' id='word_1_52' title='bbox 4233 726 4280 794; x_wconf 68' lang='lat'><em>⁶</em></span> 
     </span>
     <span class='ocr_line' id='line_1_5' title="bbox 988 855 4279 957; baseline -0.001 -19"><span class='ocrx_word' id='word_1_53' title='bbox 988 861 1087 938; x_wconf 84' lang='lat' dir='ltr'><strong>D.</strong></span> <span class='ocrx_word' id='word_1_54' title='bbox 1129 885 1312 939; x_wconf 91' lang='lat' dir='ltr'><strong>com.</strong></span> <span class='ocrx_word' id='word_1_55' title='bbox 1353 858 1504 937; x_wconf 85' lang='lat' dir='ltr'><strong>div.</strong></span> <span class='ocrx_word' id='word_1_56' title='bbox 1556 862 1738 953; x_wconf 81' lang='lat'><strong>(10,</strong></span> <span class='ocrx_word' id='word_1_57' title='bbox 1778 862 1894 952; x_wconf 82' lang='lat'><strong>3).</strong></span> <span class='ocrx_word' id='word_1_58' title='bbox 1995 855 2200 947; x_wconf 83' lang='lat' dir='ltr'><strong>Quas</strong></span> <span class='ocrx_word' id='word_1_59' title='bbox 2248 864 2558 957; x_wconf 88' lang='lat' dir='ltr'><strong>propter</strong></span> <span class='ocrx_word' id='word_1_60' title='bbox 2606 859 2974 956; x_wconf 88' lang='lat' dir='ltr'><strong>impensas</strong></span> <span class='ocrx_word' id='word_1_61' title='bbox 3023 858 3094 931; x_wconf 89' lang='lat' dir='ltr'><strong>in</strong></span> <span class='ocrx_word' id='word_1_62' title='bbox 3148 878 3299 932; x_wconf 87' lang='lat' dir='ltr'><strong>rem</strong></span> <span class='ocrx_word' id='word_1_63' title='bbox 3350 879 3794 934; x_wconf 86' lang='lat' dir='ltr'><strong>communem</strong></span> <span class='ocrx_word' id='word_1_64' title='bbox 3843 859 4089 936; x_wconf 86' lang='lat' dir='ltr'><strong>factas</strong></span> <span class='ocrx_word' id='word_1_65' title='bbox 4141 862 4279 936; x_wconf 90' lang='lat' dir='ltr'><strong>hae</strong></span> 
     </span>
     <span class='ocr_line' id='line_1_6' title="bbox 992 993 4282 1098; baseline -0.002 -18"><span class='ocrx_word' id='word_1_66' title='bbox 992 1006 1328 1080; x_wconf 81' lang='lat' dir='ltr'><strong>actiones</strong></span> <span class='ocrx_word' id='word_1_67' title='bbox 1390 1022 1796 1077; x_wconf 78' lang='lat' dir='ltr'><strong>concessae</strong></span> <span class='ocrx_word' id='word_1_68' title='bbox 1864 1006 2079 1074; x_wconf 77' lang='lat' dir='ltr'><strong>sunt:</strong></span> <span class='ocrx_word' id='word_1_69' title='bbox 2146 1000 2342 1073; x_wconf 84' lang='lat' dir='ltr'><strong>actio</strong></span> <span class='ocrx_word' id='word_1_70' title='bbox 2411 998 2763 1073; x_wconf 87' lang='lat' dir='ltr'><strong>communi</strong></span> <span class='ocrx_word' id='word_1_71' title='bbox 2832 993 3237 1073; x_wconf 86' lang='lat' dir='ltr'><strong>dividundo</strong></span> <span class='ocrx_word' id='word_1_72' title='bbox 3257 1048 3281 1087; x_wconf 93' lang='lat'><strong>,</strong></span> <span class='ocrx_word' id='word_1_73' title='bbox 3346 998 3546 1072; x_wconf 88' lang='lat' dir='ltr'><strong>actio</strong></span> <span class='ocrx_word' id='word_1_74' title='bbox 3615 995 3857 1071; x_wconf 75' lang='lat' dir='ltr'><strong>finium</strong></span> <span class='ocrx_word' id='word_1_75' title='bbox 3903 999 4282 1098; x_wconf 84' lang='lat' dir='ltr'><strong>regundo—</strong></span> 
     </span>
     <span class='ocr_line' id='line_1_7' title="bbox 992 1133 4281 1237; baseline -0.003 -16"><span class='ocrx_word' id='word_1_76' title='bbox 992 1166 1189 1237; x_wconf 90' lang='lat' dir='ltr'><strong>rum,</strong></span> <span class='ocrx_word' id='word_1_77' title='bbox 1257 1150 1335 1220; x_wconf 89' lang='lat' dir='ltr'><strong>et</strong></span> <span class='ocrx_word' id='word_1_78' title='bbox 1398 1144 1596 1218; x_wconf 87' lang='lat' dir='ltr'><strong>actio</strong></span> <span class='ocrx_word' id='word_1_79' title='bbox 1644 1140 1969 1216; x_wconf 86' lang='lat' dir='ltr'><strong>familiae</strong></span> <span class='ocrx_word' id='word_1_80' title='bbox 2016 1136 2573 1216; x_wconf 79' lang='lat' dir='ltr'><strong>herciscundae.</strong></span> <span class='ocrx_word' id='word_1_81' title='bbox 2691 1133 2862 1210; x_wconf 88' lang='lat' dir='ltr'><strong>Hae</strong></span> <span class='ocrx_word' id='word_1_82' title='bbox 2909 1137 3242 1210; x_wconf 77' lang='lat' dir='ltr'><strong>actiones</strong></span> <span class='ocrx_word' id='word_1_83' title='bbox 3293 1156 3546 1210; x_wconf 83' lang='lat' dir='ltr'><strong>omues</strong></span> <span class='ocrx_word' id='word_1_84' title='bbox 3595 1143 3766 1210; x_wconf 88' lang='lat' dir='ltr'><strong>sunt</strong></span> <span class='ocrx_word' id='word_1_85' title='bbox 3805 1136 4093 1235; x_wconf 86' lang='lat' dir='ltr'><strong>judicia</strong></span> <span class='ocrx_word' id='word_1_86' title='bbox 4144 1137 4281 1211; x_wconf 89' lang='lat' dir='ltr'><strong>du-</strong></span> 
     </span>
     <span class='ocr_line' id='line_1_8' title="bbox 993 1242 4278 1385; baseline -0.002 -26"><span class='ocrx_word' id='word_1_87' title='bbox 993 1284 1241 1385; x_wconf 77' lang='lat' dir='ltr'><strong>plicia.</strong></span> <span class='ocrx_word' id='word_1_88' title='bbox 1362 1258 1651 1356; x_wconf 66' lang='lat' dir='ltr'><strong>Finium</strong></span> <span class='ocrx_word' id='word_1_89' title='bbox 1718 1277 2210 1377; x_wconf 79' lang='lat' dir='ltr'><strong>regundorum</strong></span> <span class='ocrx_word' id='word_1_90' title='bbox 2274 1281 2473 1354; x_wconf 78' lang='lat' dir='ltr'><strong>actio</strong></span> <span class='ocrx_word' id='word_1_91' title='bbox 2542 1279 2702 1352; x_wconf 76' lang='lat' dir='ltr'><strong>sine</strong></span> <span class='ocrx_word' id='word_1_92' title='bbox 2758 1274 2980 1351; x_wconf 69' lang='lat' dir='ltr'><strong>dubio</strong></span> <span class='ocrx_word' id='word_1_93' title='bbox 3032 1276 3422 1351; x_wconf 74' lang='lat' dir='ltr'><strong>arbitraria</strong></span> <span class='ocrx_word' id='word_1_94' title='bbox 3471 1280 3671 1354; x_wconf 80' lang='lat' dir='ltr'><strong>actio</strong></span> <span class='ocrx_word' id='word_1_95' title='bbox 3722 1301 3893 1354; x_wconf 77' lang='lat' dir='ltr'><strong>esse</strong></span> <span class='ocrx_word' id='word_1_96' title='bbox 3944 1242 4278 1371; x_wconf 67' lang='lat' dir='ltr'><strong>videtui,</strong></span> 
     </span>
     <span class='ocr_line' id='line_1_9' title="bbox 996 1415 4281 1514; baseline -0.001 -16"><span class='ocrx_word' id='word_1_97' title='bbox 996 1423 1190 1499; x_wconf 86' lang='lat' dir='ltr'><strong>aliae</strong></span> <span class='ocrx_word' id='word_1_98' title='bbox 1245 1419 1435 1496; x_wconf 90' lang='lat' dir='ltr'><strong>duae</strong></span> <span class='ocrx_word' id='word_1_99' title='bbox 1486 1428 1656 1495; x_wconf 89' lang='lat' dir='ltr'><strong>sunt</strong></span> <span class='ocrx_word' id='word_1_100' title='bbox 1708 1418 1947 1495; x_wconf 89' lang='lat' dir='ltr'><strong>bonae</strong></span> <span class='ocrx_word' id='word_1_101' title='bbox 1996 1416 2119 1493; x_wconf 86' lang='lat' dir='ltr'><strong>fid.</strong></span> <span class='ocrx_word' id='word_1_102' title='bbox 2172 1421 2526 1495; x_wconf 83' lang='lat' dir='ltr'><strong>actiones.</strong></span> <span class='ocrx_word' id='word_1_103' title='bbox 2618 1415 2753 1491; x_wconf 76' lang='lat' dir='ltr'><strong>Fr.</strong></span> <span class='ocrx_word' id='word_1_104' title='bbox 2796 1419 2847 1489; x_wconf 87' lang='lat'>4</span> <span class='ocrx_word' id='word_1_105' title='bbox 2887 1425 2961 1504; x_wconf 72' lang='lat' dir='ltr'><strong>s.</strong></span> <span class='ocrx_word' id='word_1_106' title='bbox 3007 1421 3074 1490; x_wconf 74' lang='lat'><strong>2.</strong></span> <span class='ocrx_word' id='word_1_107' title='bbox 3129 1415 3221 1492; x_wconf 86' lang='lat' dir='ltr'><strong>fr.</strong></span> <span class='ocrx_word' id='word_1_108' title='bbox 3272 1418 3364 1490; x_wconf 85' lang='lat'><strong>14</strong></span> <span class='ocrx_word' id='word_1_109' title='bbox 3405 1416 3496 1490; x_wconf 90' lang='lat' dir='ltr'><strong>D.</strong></span> <span class='ocrx_word' id='word_1_110' title='bbox 3543 1440 3726 1492; x_wconf 88' lang='lat' dir='ltr'><strong>com.</strong></span> <span class='ocrx_word' id='word_1_111' title='bbox 3775 1418 3925 1493; x_wconf 84' lang='lat' dir='ltr'><strong>div.</strong></span> <span class='ocrx_word' id='word_1_112' title='bbox 3981 1422 4156 1514; x_wconf 79' lang='lat'><strong>(10,</strong></span> <span class='ocrx_word' id='word_1_113' title='bbox 4189 1424 4281 1514; x_wconf 81' lang='lat'><strong>3]</strong></span> 
     </span>
     <span class='ocr_line' id='line_1_10' title="bbox 997 1554 4287 1651; baseline -0 -15"><span class='ocrx_word' id='word_1_114' title='bbox 997 1556 1260 1636; x_wconf 85' lang='lat' dir='ltr'><strong>Const.</strong></span> <span class='ocrx_word' id='word_1_115' title='bbox 1304 1562 1357 1631; x_wconf 74' lang='lat'>9</span> <span class='ocrx_word' id='word_1_116' title='bbox 1405 1554 1598 1633; x_wconf 86' lang='lat' dir='ltr'><strong>Cod.</strong></span> <span class='ocrx_word' id='word_1_117' title='bbox 1651 1556 1819 1633; x_wconf 86' lang='lat' dir='ltr'><strong>fam.</strong></span> <span class='ocrx_word' id='word_1_118' title='bbox 1860 1557 2018 1633; x_wconf 88' lang='lat' dir='ltr'><strong>her.</strong></span> <span class='ocrx_word' id='word_1_119' title='bbox 2071 1558 2199 1651; x_wconf 79' lang='lat'><strong>(3,</strong></span> <span class='ocrx_word' id='word_1_120' title='bbox 2234 1559 2398 1649; x_wconf 78' lang='lat'><strong>36).</strong></span> <span class='ocrx_word' id='word_1_121' title='bbox 2498 1556 2824 1634; x_wconf 89' lang='lat' dir='ltr'><strong>Actione</strong></span> <span class='ocrx_word' id='word_1_122' title='bbox 2875 1561 3228 1634; x_wconf 88' lang='lat' dir='ltr'><strong>communi</strong></span> <span class='ocrx_word' id='word_1_123' title='bbox 3287 1556 3690 1633; x_wconf 84' lang='lat' dir='ltr'><strong>dividundo</strong></span> <span class='ocrx_word' id='word_1_124' title='bbox 3740 1583 3888 1634; x_wconf 89' lang='lat' dir='ltr'><strong>non</strong></span> <span class='ocrx_word' id='word_1_125' title='bbox 3938 1559 4156 1635; x_wconf 92' lang='lat' dir='ltr'><strong>modo</strong></span> <span class='ocrx_word' id='word_1_126' title='bbox 4205 1570 4287 1635; x_wconf 89' lang='lat' dir='ltr'><strong>ut</strong></span> 
     </span>
     <span class='ocr_line' id='line_1_11' title="bbox 999 1698 4283 1801; baseline 0 -24"><span class='ocrx_word' id='word_1_127' title='bbox 999 1700 1421 1794; x_wconf 83' lang='lat' dir='ltr'><strong>dividatur,</strong></span> <span class='ocrx_word' id='word_1_128' title='bbox 1472 1699 1611 1778; x_wconf 86' lang='lat' dir='ltr'><strong>sed</strong></span> <span class='ocrx_word' id='word_1_129' title='bbox 1663 1703 1882 1777; x_wconf 88' lang='lat' dir='ltr'><strong>etiam</strong></span> <span class='ocrx_word' id='word_1_130' title='bbox 1929 1706 2011 1774; x_wconf 91' lang='lat' dir='ltr'><strong>ut</strong></span> <span class='ocrx_word' id='word_1_131' title='bbox 2060 1698 2253 1774; x_wconf 84' lang='lat' dir='ltr'><strong>aliae</strong></span> <span class='ocrx_word' id='word_1_132' title='bbox 2305 1718 2557 1775; x_wconf 86' lang='lat' dir='ltr'><strong>omnes</strong></span> <span class='ocrx_word' id='word_1_133' title='bbox 2609 1698 3102 1798; x_wconf 85' lang='lat' dir='ltr'><strong>obligationes</strong></span> <span class='ocrx_word' id='word_1_134' title='bbox 3152 1700 3541 1775; x_wconf 86' lang='lat' dir='ltr'><strong>solvantur</strong></span> <span class='ocrx_word' id='word_1_135' title='bbox 3577 1701 3728 1801; x_wconf 87' lang='lat' dir='ltr'><strong>peti</strong></span> <span class='ocrx_word' id='word_1_136' title='bbox 3769 1709 4063 1799; x_wconf 86' lang='lat' dir='ltr'><strong>potest,</strong></span> <span class='ocrx_word' id='word_1_137' title='bbox 4114 1700 4283 1778; x_wconf 90' lang='lat' dir='ltr'><strong>ideo</strong></span> 
     </span>
     <span class='ocr_line' id='line_1_12' title="bbox 999 1836 3471 1938; baseline -0.001 -22"><span class='ocrx_word' id='word_1_138' title='bbox 999 1845 1218 1916; x_wconf 90' lang='lat' dir='ltr'><strong>etiam</strong></span> <span class='ocrx_word' id='word_1_139' title='bbox 1266 1838 1458 1915; x_wconf 89' lang='lat' dir='ltr'><strong>haec</strong></span> <span class='ocrx_word' id='word_1_140' title='bbox 1506 1840 1704 1914; x_wconf 91' lang='lat' dir='ltr'><strong>actio</strong></span> <span class='ocrx_word' id='word_1_141' title='bbox 1758 1836 1856 1913; x_wconf 92' lang='lat' dir='ltr'><strong>ad</strong></span> <span class='ocrx_word' id='word_1_142' title='bbox 1903 1839 2269 1938; x_wconf 87' lang='lat' dir='ltr'><strong>impensas</strong></span> <span class='ocrx_word' id='word_1_143' title='bbox 2318 1838 2873 1937; x_wconf 85' lang='lat' dir='ltr'><strong>recuperandas</strong></span> <span class='ocrx_word' id='word_1_144' title='bbox 2923 1861 3286 1916; x_wconf 86' lang='lat' dir='ltr'><strong>concessa</strong></span> <span class='ocrx_word' id='word_1_145' title='bbox 3313 1848 3471 1916; x_wconf 84' lang='lat' dir='ltr'><strong>·est.</strong></span> 
     </span>
    </p>

    <p class='ocr_par' dir='ltr' id='par_1_2' title="bbox 998 1974 4290 3197">
     <span class='ocr_line' id='line_1_13' title="bbox 1198 1974 4286 2080; baseline 0 -26"><span class='ocrx_word' id='word_1_146' title='bbox 1198 1975 1289 2054; x_wconf 86' lang='lat' dir='ltr'><strong>Si</strong></span> <span class='ocrx_word' id='word_1_147' title='bbox 1343 1979 1504 2078; x_wconf 88' lang='lat' dir='ltr'><strong>quis</strong></span> <span class='ocrx_word' id='word_1_148' title='bbox 1562 1976 1713 2053; x_wconf 86' lang='lat' dir='ltr'><strong>alio</strong></span> <span class='ocrx_word' id='word_1_149' title='bbox 1767 1974 2168 2053; x_wconf 80' lang='lat' dir='ltr'><strong>&#39;mandante</strong></span> <span class='ocrx_word' id='word_1_150' title='bbox 2224 1979 2593 2076; x_wconf 85' lang='lat' dir='ltr'><strong>impensas</strong></span> <span class='ocrx_word' id='word_1_151' title='bbox 2643 1979 2864 2072; x_wconf 89' lang='lat' dir='ltr'><strong>fecit,</strong></span> <span class='ocrx_word' id='word_1_152' title='bbox 2942 1979 3038 2056; x_wconf 87' lang='lat' dir='ltr'><strong>ob</strong></span> <span class='ocrx_word' id='word_1_153' title='bbox 3089 1978 3226 2055; x_wconf 91' lang='lat' dir='ltr'><strong>has</strong></span> <span class='ocrx_word' id='word_1_154' title='bbox 3274 1982 3643 2080; x_wconf 87' lang='lat' dir='ltr'><strong>impensas</strong></span> <span class='ocrx_word' id='word_1_155' title='bbox 3692 1980 3918 2056; x_wconf 89' lang='lat' dir='ltr'><strong>habet</strong></span> <span class='ocrx_word' id='word_1_156' title='bbox 3967 1979 4286 2055; x_wconf 87' lang='lat' dir='ltr'><strong>mandati</strong></span> 
     </span>
     <span class='ocr_line' id='line_1_14' title="bbox 999 2114 4284 2219; baseline 0 -27"><span class='ocrx_word' id='word_1_157' title='bbox 999 2120 1392 2210; x_wconf 83' lang='lat' dir='ltr'><strong>actionem,</strong></span> <span class='ocrx_word' id='word_1_158' title='bbox 1444 2119 1510 2191; x_wconf 89' lang='lat' dir='ltr'><strong>si</strong></span> <span class='ocrx_word' id='word_1_159' title='bbox 1562 2138 1752 2192; x_wconf 84' lang='lat' dir='ltr'><strong>vero</strong></span> <span class='ocrx_word' id='word_1_160' title='bbox 1785 2138 1923 2216; x_wconf 91' lang='lat' dir='ltr'><strong>pro</strong></span> <span class='ocrx_word' id='word_1_161' title='bbox 1962 2139 2099 2191; x_wconf 88' lang='lat' dir='ltr'><strong>suo</strong></span> <span class='ocrx_word' id='word_1_162' title='bbox 2139 2114 2321 2193; x_wconf 86' lang='lat' dir='ltr'><strong>fecit</strong></span> <span class='ocrx_word' id='word_1_163' title='bbox 2363 2116 2500 2191; x_wconf 91' lang='lat' dir='ltr'><strong>has</strong></span> <span class='ocrx_word' id='word_1_164' title='bbox 2547 2120 2946 2218; x_wconf 86' lang='lat' dir='ltr'><strong>impensas,</strong></span> <span class='ocrx_word' id='word_1_165' title='bbox 3004 2142 3099 2194; x_wconf 87' lang='lat' dir='ltr'><strong>ea</strong></span> <span class='ocrx_word' id='word_1_166' title='bbox 3133 2117 3352 2194; x_wconf 90' lang='lat' dir='ltr'><strong>modo</strong></span> <span class='ocrx_word' id='word_1_167' title='bbox 3385 2122 3579 2219; x_wconf 88' lang='lat' dir='ltr'><strong>juris</strong></span> <span class='ocrx_word' id='word_1_168' title='bbox 3616 2117 3942 2194; x_wconf 80' lang='lat' dir='ltr'><strong>subsidia</strong></span> <span class='ocrx_word' id='word_1_169' title='bbox 3983 2121 4054 2194; x_wconf 91' lang='lat' dir='ltr'><strong>ei</strong></span> <span class='ocrx_word' id='word_1_170' title='bbox 4097 2140 4284 2195; x_wconf 91' lang='lat' dir='ltr'><strong>con-</strong></span> 
     </span>
     <span class='ocr_line' id='line_1_15' title="bbox 998 2234 4286 2359; baseline -0.001 -24"><span class='ocrx_word' id='word_1_171' title='bbox 998 2280 1215 2335; x_wconf 88' lang='lat' dir='ltr'><strong>cessa</strong></span> <span class='ocrx_word' id='word_1_172' title='bbox 1278 2263 1448 2331; x_wconf 91' lang='lat' dir='ltr'><strong>sunt</strong></span> <span class='ocrx_word' id='word_1_173' title='bbox 1466 2308 1488 2350; x_wconf 88' lang='lat'><strong>,</strong></span> <span class='ocrx_word' id='word_1_174' title='bbox 1561 2279 1750 2354; x_wconf 85' lang='lat' dir='ltr'><strong>quae</strong></span> <span class='ocrx_word' id='word_1_175' title='bbox 1809 2259 1962 2331; x_wconf 86' lang='lat' dir='ltr'><strong>reis</strong></span> <span class='ocrx_word' id='word_1_176' title='bbox 2010 2259 2082 2329; x_wconf 90' lang='lat' dir='ltr'><strong>iu</strong></span> <span class='ocrx_word' id='word_1_177' title='bbox 2136 2260 2248 2333; x_wconf 89' lang='lat' dir='ltr'><strong>rei</strong></span> <span class='ocrx_word' id='word_1_178' title='bbox 2297 2234 2799 2334; x_wconf 85' lang='lat' dir='ltr'><strong>vindicatione</strong></span> <span class='ocrx_word' id='word_1_179' title='bbox 2849 2264 3307 2359; x_wconf 89' lang='lat' dir='ltr'><strong>competunt,</strong></span> <span class='ocrx_word' id='word_1_180' title='bbox 3385 2258 3432 2331; x_wconf 89' lang='lat' dir='ltr'><strong>i.</strong></span> <span class='ocrx_word' id='word_1_181' title='bbox 3488 2279 3553 2333; x_wconf 90' lang='lat' dir='ltr'><strong>e.</strong></span> <span class='ocrx_word' id='word_1_182' title='bbox 3610 2260 3960 2357; x_wconf 86' lang='lat' dir='ltr'><strong>exceptio</strong></span> <span class='ocrx_word' id='word_1_183' title='bbox 4011 2264 4286 2332; x_wconf 87' lang='lat' dir='ltr'><strong>tantum</strong></span> 
     </span>
     <span class='ocr_line' id='line_1_16' title="bbox 1001 2392 4286 2499; baseline -0.001 -26"><span class='ocrx_word' id='word_1_184' title='bbox 1001 2394 1338 2499; x_wconf 87' lang='lat' dir='ltr'><strong>quamdiu</strong></span> <span class='ocrx_word' id='word_1_185' title='bbox 1386 2393 1762 2494; x_wconf 88' lang='lat' dir='ltr'><strong>possidet,</strong></span> <span class='ocrx_word' id='word_1_186' title='bbox 1815 2394 1907 2468; x_wconf 82' lang='lat' dir='ltr'><strong>fr.</strong></span> <span class='ocrx_word' id='word_1_187' title='bbox 1960 2396 2060 2467; x_wconf 80' lang='lat'><strong>48</strong></span> <span class='ocrx_word' id='word_1_188' title='bbox 2110 2392 2207 2469; x_wconf 89' lang='lat' dir='ltr'><strong>de</strong></span> <span class='ocrx_word' id='word_1_189' title='bbox 2254 2395 2344 2468; x_wconf 88' lang='lat' dir='ltr'><strong>R.</strong></span> <span class='ocrx_word' id='word_1_190' title='bbox 2377 2394 2480 2469; x_wconf 85' lang='lat' dir='ltr'><strong>V.</strong></span> <span class='ocrx_word' id='word_1_191' title='bbox 2530 2399 2657 2491; x_wconf 84' lang='grc'><strong>(6,</strong></span> <span class='ocrx_word' id='word_1_192' title='bbox 2702 2399 2784 2490; x_wconf 83' lang='grc'><strong>1)</strong></span> <span class='ocrx_word' id='word_1_193' title='bbox 2835 2404 2909 2484; x_wconf 69' lang='lat' dir='ltr'><strong>S.</strong></span> <span class='ocrx_word' id='word_1_194' title='bbox 2959 2398 3064 2469; x_wconf 77' lang='lat'><strong>30</strong></span> <span class='ocrx_word' id='word_1_195' title='bbox 3109 2393 3189 2470; x_wconf 85' lang='lat' dir='ltr'><strong>J.</strong></span> <span class='ocrx_word' id='word_1_196' title='bbox 3242 2393 3338 2472; x_wconf 87' lang='lat' dir='ltr'><strong>de</strong></span> <span class='ocrx_word' id='word_1_197' title='bbox 3390 2419 3534 2472; x_wconf 88' lang='lat' dir='ltr'><strong>rer.</strong></span> <span class='ocrx_word' id='word_1_198' title='bbox 3590 2395 3740 2471; x_wconf 85' lang='lat' dir='ltr'><strong>div.</strong></span> <span class='ocrx_word' id='word_1_199' title='bbox 3794 2399 3924 2489; x_wconf 74' lang='grc'><strong>(2,</strong></span> <span class='ocrx_word' id='word_1_200' title='bbox 3970 2399 4062 2489; x_wconf 70' lang='grc'><strong>1),</strong></span> <span class='ocrx_word' id='word_1_201' title='bbox 4103 2396 4196 2470; x_wconf 91' lang='lat' dir='ltr'><strong>fr.</strong></span> <span class='ocrx_word' id='word_1_202' title='bbox 4240 2400 4286 2469; x_wconf 78' lang='lat'>7</span> 
     </span>
     <span class='ocr_line' id='line_1_17' title="bbox 1001 2534 4286 2636; baseline 0 -26"><span class='ocrx_word' id='word_1_203' title='bbox 1001 2547 1073 2625; x_wconf 72' lang='lat' dir='ltr'><strong>S.</strong></span> <span class='ocrx_word' id='word_1_204' title='bbox 1116 2542 1205 2611; x_wconf 73' lang='lat'><strong>12</strong></span> <span class='ocrx_word' id='word_1_205' title='bbox 1248 2536 1343 2612; x_wconf 93' lang='lat' dir='ltr'><strong>de</strong></span> <span class='ocrx_word' id='word_1_206' title='bbox 1386 2535 1484 2609; x_wconf 89' lang='lat' dir='ltr'><strong>A.</strong></span> <span class='ocrx_word' id='word_1_207' title='bbox 1530 2536 1620 2610; x_wconf 97' lang='grc' dir='ltr'><strong>Β.</strong></span> <span class='ocrx_word' id='word_1_208' title='bbox 1666 2536 1762 2610; x_wconf 92' lang='lat' dir='ltr'><strong>D.</strong></span> <span class='ocrx_word' id='word_1_209' title='bbox 1805 2540 1982 2629; x_wconf 85' lang='lat'><strong>(41,</strong></span> <span class='ocrx_word' id='word_1_210' title='bbox 2025 2539 2109 2630; x_wconf 85' lang='lat'><strong>1)</strong></span> <span class='ocrx_word' id='word_1_211' title='bbox 2165 2534 2309 2630; x_wconf 74' lang='lat'><strong>³⁸),</strong></span> <span class='ocrx_word' id='word_1_212' title='bbox 2363 2559 2613 2612; x_wconf 86' lang='lat' dir='ltr'><strong>omues</strong></span> <span class='ocrx_word' id='word_1_213' title='bbox 2666 2558 2956 2634; x_wconf 85' lang='lat' dir='ltr'><strong>quoque</strong></span> <span class='ocrx_word' id='word_1_214' title='bbox 2994 2539 3405 2636; x_wconf 87' lang='lat' dir='ltr'><strong>impensas,</strong></span> <span class='ocrx_word' id='word_1_215' title='bbox 3462 2561 3642 2634; x_wconf 85' lang='lat' dir='ltr'><strong>quas</strong></span> <span class='ocrx_word' id='word_1_216' title='bbox 3683 2536 3958 2612; x_wconf 86' lang='lat' dir='ltr'><strong>tollere</strong></span> <span class='ocrx_word' id='word_1_217' title='bbox 4001 2539 4071 2612; x_wconf 82' lang='lat' dir='ltr'><strong>ei</strong></span> <span class='ocrx_word' id='word_1_218' title='bbox 4115 2558 4286 2636; x_wconf 87' lang='lat' dir='ltr'><strong>per-</strong></span> 
     </span>
     <span class='ocr_line' id='line_1_18' title="bbox 1000 2672 4287 2776; baseline 0 -26"><span class='ocrx_word' id='word_1_219' title='bbox 1000 2679 1291 2751; x_wconf 88' lang='lat' dir='ltr'><strong>missum</strong></span> <span class='ocrx_word' id='word_1_220' title='bbox 1342 2683 1497 2767; x_wconf 86' lang='lat' dir='ltr'><strong>est,</strong></span> <span class='ocrx_word' id='word_1_221' title='bbox 1548 2673 1745 2776; x_wconf 87' lang='lat' dir='ltr'><strong>apud</strong></span> <span class='ocrx_word' id='word_1_222' title='bbox 1792 2698 1950 2750; x_wconf 90' lang='lat' dir='ltr'><strong>rem</strong></span> <span class='ocrx_word' id='word_1_223' title='bbox 2000 2674 2421 2772; x_wconf 86' lang='lat' dir='ltr'><strong>relinquere</strong></span> <span class='ocrx_word' id='word_1_224' title='bbox 2472 2672 2697 2750; x_wconf 88' lang='lat' dir='ltr'><strong>debet</strong></span> <span class='ocrx_word' id='word_1_225' title='bbox 2721 2728 2743 2769; x_wconf 91' lang='lat'><strong>,</strong></span> <span class='ocrx_word' id='word_1_226' title='bbox 2795 2680 2859 2750; x_wconf 89' lang='lat' dir='ltr'><strong>si</strong></span> <span class='ocrx_word' id='word_1_227' title='bbox 2910 2685 3123 2751; x_wconf 82' lang='lat' dir='ltr'><strong>actor</strong></span> <span class='ocrx_word' id='word_1_228' title='bbox 3171 2676 3307 2751; x_wconf 85' lang='lat' dir='ltr'><strong>has</strong></span> <span class='ocrx_word' id='word_1_229' title='bbox 3358 2680 3721 2776; x_wconf 86' lang='lat' dir='ltr'><strong>impensas</strong></span> <span class='ocrx_word' id='word_1_230' title='bbox 3773 2700 3858 2752; x_wconf 85' lang='lat' dir='ltr'><strong>se</strong></span> <span class='ocrx_word' id='word_1_231' title='bbox 3903 2678 4287 2752; x_wconf 86' lang='lat' dir='ltr'><strong>restitutu-</strong></span> 
     </span>
     <span class='ocr_line' id='line_1_19' title="bbox 1000 2813 4290 2919; baseline 0.001 -28"><span class='ocrx_word' id='word_1_232' title='bbox 1000 2841 1157 2891; x_wconf 90' lang='lat' dir='ltr'><strong>rum</strong></span> <span class='ocrx_word' id='word_1_233' title='bbox 1204 2815 1635 2914; x_wconf 89' lang='lat' dir='ltr'><strong>pollicetur,</strong></span> <span class='ocrx_word' id='word_1_234' title='bbox 1696 2814 1791 2889; x_wconf 88' lang='lat' dir='ltr'><strong>fr.</strong></span> <span class='ocrx_word' id='word_1_235' title='bbox 1842 2817 1943 2888; x_wconf 75' lang='lat'><strong>38</strong></span> <span class='ocrx_word' id='word_1_236' title='bbox 1995 2813 2091 2890; x_wconf 90' lang='lat' dir='ltr'><strong>de</strong></span> <span class='ocrx_word' id='word_1_237' title='bbox 2140 2814 2231 2888; x_wconf 89' lang='grc' dir='ltr'><strong>Β.</strong></span> <span class='ocrx_word' id='word_1_238' title='bbox 2287 2814 2385 2888; x_wconf 88' lang='lat' dir='ltr'><strong>V.</strong></span> <span class='ocrx_word' id='word_1_239' title='bbox 2438 2817 2569 2907; x_wconf 82' lang='grc'><strong>(6,</strong></span> <span class='ocrx_word' id='word_1_240' title='bbox 2623 2820 2748 2909; x_wconf 73' lang='lat'><strong>1),</strong></span> <span class='ocrx_word' id='word_1_241' title='bbox 2823 2815 3044 2916; x_wconf 87' lang='lat' dir='ltr'><strong>idque</strong></span> <span class='ocrx_word' id='word_1_242' title='bbox 3095 2817 3192 2895; x_wconf 91' lang='lat' dir='ltr'><strong>de</strong></span> <span class='ocrx_word' id='word_1_243' title='bbox 3241 2817 3356 2893; x_wconf 86' lang='lat' dir='ltr'><strong>his</strong></span> <span class='ocrx_word' id='word_1_244' title='bbox 3408 2820 3752 2918; x_wconf 88' lang='lat' dir='ltr'><strong>impensis</strong></span> <span class='ocrx_word' id='word_1_245' title='bbox 3801 2840 4094 2919; x_wconf 88' lang='lat' dir='ltr'><strong>semper</strong></span> <span class='ocrx_word' id='word_1_246' title='bbox 4143 2816 4290 2893; x_wconf 91' lang='lat' dir='ltr'><strong>de—</strong></span> 
     </span>
     <span class='ocr_line' id='line_1_20' title="bbox 1004 2952 4288 3056; baseline 0 -27"><span class='ocrx_word' id='word_1_247' title='bbox 1004 2952 1414 3030; x_wconf 89' lang='lat' dir='ltr'><strong>ducendum</strong></span> <span class='ocrx_word' id='word_1_248' title='bbox 1462 2958 1643 3050; x_wconf 88' lang='lat' dir='ltr'><strong>erit,</strong></span> <span class='ocrx_word' id='word_1_249' title='bbox 1696 2954 1892 3054; x_wconf 80' lang='lat' dir='ltr'><strong>quod</strong></span> <span class='ocrx_word' id='word_1_250' title='bbox 1940 2954 2300 3035; x_wconf 85' lang='lat' dir='ltr'><strong>fructibus</strong></span> <span class='ocrx_word' id='word_1_251' title='bbox 2351 2959 2724 3055; x_wconf 87' lang='lat' dir='ltr'><strong>perceptis</strong></span> <span class='ocrx_word' id='word_1_252' title='bbox 2773 2961 3204 3056; x_wconf 84' lang='lat' dir='ltr'><strong>acquisitum</strong></span> <span class='ocrx_word' id='word_1_253' title='bbox 3256 2965 3394 3035; x_wconf 88' lang='lat' dir='ltr'><strong>est.</strong></span> <span class='ocrx_word' id='word_1_254' title='bbox 3495 2955 3625 3032; x_wconf 71' lang='lat' dir='ltr'><strong>Fr.</strong></span> <span class='ocrx_word' id='word_1_255' title='bbox 3666 2961 3788 3032; x_wconf 85' lang='lat'><strong>48.</strong></span> <span class='ocrx_word' id='word_1_256' title='bbox 3838 2957 3932 3033; x_wconf 90' lang='lat' dir='ltr'><strong>fr.</strong></span> <span class='ocrx_word' id='word_1_257' title='bbox 3968 2958 4071 3032; x_wconf 78' lang='lat'><strong>65</strong></span> <span class='ocrx_word' id='word_1_258' title='bbox 4118 2955 4288 3034; x_wconf 88' lang='lat' dir='ltr'><strong>eod.</strong></span> 
     </span>
     <span class='ocr_line' id='line_1_21' title="bbox 1002 3095 4039 3197; baseline -0 -25"><span class='ocrx_word' id='word_1_259' title='bbox 1002 3097 1163 3172; x_wconf 89' lang='lat' dir='ltr'><strong>Usu</strong></span> <span class='ocrx_word' id='word_1_260' title='bbox 1212 3096 1357 3172; x_wconf 88' lang='lat' dir='ltr'><strong>fori</strong></span> <span class='ocrx_word' id='word_1_261' title='bbox 1406 3121 1596 3174; x_wconf 84' lang='lat' dir='ltr'><strong>vero</strong></span> <span class='ocrx_word' id='word_1_262' title='bbox 1646 3099 2107 3197; x_wconf 85' lang='lat' dir='ltr'><strong>negotiorum</strong></span> <span class='ocrx_word' id='word_1_263' title='bbox 2157 3105 2535 3195; x_wconf 85' lang='lat' dir='ltr'><strong>gestorum</strong></span> <span class='ocrx_word' id='word_1_264' title='bbox 2584 3119 2875 3197; x_wconf 88' lang='lat' dir='ltr'><strong>quoque</strong></span> <span class='ocrx_word' id='word_1_265' title='bbox 2924 3099 3122 3172; x_wconf 87' lang='lat' dir='ltr'><strong>actio</strong></span> <span class='ocrx_word' id='word_1_266' title='bbox 3173 3096 3372 3172; x_wconf 88' lang='lat' dir='ltr'><strong>utilis</strong></span> <span class='ocrx_word' id='word_1_267' title='bbox 3422 3096 3872 3174; x_wconf 88' lang='lat' dir='ltr'><strong>conceditur.</strong></span> <span class='ocrx_word' id='word_1_268' title='bbox 3933 3095 4039 3188; x_wconf 77' lang='lat'><strong>³9)</strong></span> 
     </span>
    </p>

    <p class='ocr_par' dir='ltr' id='par_1_3' title="bbox 976 3233 4289 4035">
     <span class='ocr_line' id='line_1_22' title="bbox 1201 3233 4288 3338; baseline -0.001 -24"><span class='ocrx_word' id='word_1_269' title='bbox 1201 3237 1293 3314; x_wconf 83' lang='lat' dir='ltr'><strong>Si</strong></span> <span class='ocrx_word' id='word_1_270' title='bbox 1338 3242 1499 3336; x_wconf 89' lang='lat' dir='ltr'><strong>quis</strong></span> <span class='ocrx_word' id='word_1_271' title='bbox 1538 3238 1741 3314; x_wconf 88' lang='lat' dir='ltr'><strong>nullo</strong></span> <span class='ocrx_word' id='word_1_272' title='bbox 1780 3238 2212 3334; x_wconf 80' lang='lat' dir='ltr'><strong>mandante,</strong></span> <span class='ocrx_word' id='word_1_273' title='bbox 2263 3238 2400 3317; x_wconf 90' lang='lat' dir='ltr'><strong>sed</strong></span> <span class='ocrx_word' id='word_1_274' title='bbox 2432 3241 2634 3315; x_wconf 87' lang='lat' dir='ltr'><strong>siens</strong></span> <span class='ocrx_word' id='word_1_275' title='bbox 2675 3259 2813 3338; x_wconf 86' lang='lat' dir='ltr'><strong>pro</strong></span> <span class='ocrx_word' id='word_1_276' title='bbox 2855 3238 3206 3313; x_wconf 89' lang='lat' dir='ltr'><strong>communi</strong></span> <span class='ocrx_word' id='word_1_277' title='bbox 3239 3259 3324 3312; x_wconf 88' lang='lat' dir='ltr'><strong>re</strong></span> <span class='ocrx_word' id='word_1_278' title='bbox 3367 3240 3733 3336; x_wconf 85' lang='lat' dir='ltr'><strong>impensas</strong></span> <span class='ocrx_word' id='word_1_279' title='bbox 3774 3236 3987 3326; x_wconf 87' lang='lat' dir='ltr'><strong>fecit,</strong></span> <span class='ocrx_word' id='word_1_280' title='bbox 4023 3234 4099 3307; x_wconf 89' lang='lat' dir='ltr'><strong>in</strong></span> <span class='ocrx_word' id='word_1_281' title='bbox 4139 3233 4288 3310; x_wconf 90' lang='lat' dir='ltr'><strong>hac</strong></span> 
     </span>
     <span class='ocr_line' id='line_1_23' title="bbox 1003 3376 4288 3481; baseline 0.002 -33"><span class='ocrx_word' id='word_1_282' title='bbox 1003 3398 1087 3449; x_wconf 89' lang='lat' dir='ltr'><strong>re</strong></span> <span class='ocrx_word' id='word_1_283' title='bbox 1138 3381 1267 3447; x_wconf 89' lang='lat' dir='ltr'><strong>aut</strong></span> <span class='ocrx_word' id='word_1_284' title='bbox 1312 3379 1686 3476; x_wconf 84' lang='lat' dir='ltr'><strong>proprium</strong></span> <span class='ocrx_word' id='word_1_285' title='bbox 1733 3376 2181 3454; x_wconf 90' lang='lat' dir='ltr'><strong>commodum</strong></span> <span class='ocrx_word' id='word_1_286' title='bbox 2230 3385 2452 3477; x_wconf 89' lang='lat' dir='ltr'><strong>atque</strong></span> <span class='ocrx_word' id='word_1_287' title='bbox 2504 3379 2887 3455; x_wconf 89' lang='lat' dir='ltr'><strong>utilitatem</strong></span> <span class='ocrx_word' id='word_1_288' title='bbox 2934 3383 3313 3481; x_wconf 87' lang='lat' dir='ltr'><strong>respicere</strong></span> <span class='ocrx_word' id='word_1_289' title='bbox 3363 3382 3637 3479; x_wconf 90' lang='lat' dir='ltr'><strong>potuit,</strong></span> <span class='ocrx_word' id='word_1_290' title='bbox 3688 3385 3765 3453; x_wconf 84' lang='lat' dir='ltr'><strong>et</strong></span> <span class='ocrx_word' id='word_1_291' title='bbox 3805 3376 4120 3451; x_wconf 87' lang='lat' dir='ltr'><strong>aliorum</strong></span> <span class='ocrx_word' id='word_1_292' title='bbox 4165 3398 4288 3453; x_wconf 87' lang='lat' dir='ltr'><strong>res</strong></span> 
     </span>
     <span class='ocr_line' id='line_1_24' title="bbox 976 3503 4284 3617; baseline 0.002 -31"><span class='ocrx_word' id='word_1_293' title='bbox 976 3511 1340 3610; x_wconf 78' lang='lat' dir='ltr'><strong>&#39;neglexit</strong></span> <span class='ocrx_word' id='word_1_294' title='bbox 1380 3503 1521 3607; x_wconf 74' lang='lat'><strong>⁴⁰),</strong></span> <span class='ocrx_word' id='word_1_295' title='bbox 1572 3521 1724 3588; x_wconf 86' lang='lat' dir='ltr'><strong>tum</strong></span> <span class='ocrx_word' id='word_1_296' title='bbox 1771 3519 1843 3592; x_wconf 90' lang='lat' dir='ltr'><strong>ei</strong></span> <span class='ocrx_word' id='word_1_297' title='bbox 1890 3524 2143 3616; x_wconf 81' lang='lat' dir='ltr'><strong>negot.</strong></span> <span class='ocrx_word' id='word_1_298' title='bbox 2196 3524 2569 3617; x_wconf 84' lang='lat' dir='ltr'><strong>gestorum</strong></span> <span class='ocrx_word' id='word_1_299' title='bbox 2620 3521 2818 3594; x_wconf 88' lang='lat' dir='ltr'><strong>actio</strong></span> <span class='ocrx_word' id='word_1_300' title='bbox 2867 3542 3233 3595; x_wconf 87' lang='lat' dir='ltr'><strong>concessa</strong></span> <span class='ocrx_word' id='word_1_301' title='bbox 3281 3525 3397 3593; x_wconf 90' lang='lat' dir='ltr'><strong>est</strong></span> <span class='ocrx_word' id='word_1_302' title='bbox 3419 3571 3439 3609; x_wconf 94' lang='lat'><strong>,</strong></span> <span class='ocrx_word' id='word_1_303' title='bbox 3491 3517 3582 3591; x_wconf 87' lang='lat' dir='ltr'><strong>fr.</strong></span> <span class='ocrx_word' id='word_1_304' title='bbox 3616 3517 3716 3590; x_wconf 79' lang='lat'><strong>40</strong></span> <span class='ocrx_word' id='word_1_305' title='bbox 3759 3513 3856 3591; x_wconf 92' lang='lat' dir='ltr'><strong>de</strong></span> <span class='ocrx_word' id='word_1_306' title='bbox 3888 3537 4060 3614; x_wconf 86' lang='lat' dir='ltr'><strong>neg.</strong></span> <span class='ocrx_word' id='word_1_307' title='bbox 4096 3525 4284 3615; x_wconf 82' lang='lat' dir='ltr'><strong>gest.</strong></span> 
     </span>
     <span class='ocr_line' id='line_1_25' title="bbox 1005 3650 4289 3757; baseline 0.001 -32"><span class='ocrx_word' id='word_1_308' title='bbox 1005 3653 1134 3746; x_wconf 82' lang='grc'><strong>(3,</strong></span> <span class='ocrx_word' id='word_1_309' title='bbox 1165 3653 1259 3746; x_wconf 79' lang='lat'><strong>5]</strong></span> <span class='ocrx_word' id='word_1_310' title='bbox 1326 3650 1419 3727; x_wconf 86' lang='lat' dir='ltr'><strong>fr.</strong></span> <span class='ocrx_word' id='word_1_311' title='bbox 1468 3655 1561 3728; x_wconf 81' lang='lat'><strong>41</strong></span> <span class='ocrx_word' id='word_1_312' title='bbox 1617 3677 1729 3756; x_wconf 88' lang='lat' dir='ltr'><strong>pr.</strong></span> <span class='ocrx_word' id='word_1_313' title='bbox 1780 3654 1880 3730; x_wconf 87' lang='lat' dir='ltr'><strong>de</strong></span> <span class='ocrx_word' id='word_1_314' title='bbox 1927 3655 2019 3730; x_wconf 87' lang='grc' dir='ltr'><strong>Β.</strong></span> <span class='ocrx_word' id='word_1_315' title='bbox 2075 3653 2165 3732; x_wconf 80' lang='lat' dir='ltr'><strong>C.</strong></span> <span class='ocrx_word' id='word_1_316' title='bbox 2218 3660 2397 3751; x_wconf 73' lang='lat'><strong>(12,</strong></span> <span class='ocrx_word' id='word_1_317' title='bbox 2438 3660 2568 3751; x_wconf 80' lang='lat'><strong>1]3</strong></span> <span class='ocrx_word' id='word_1_318' title='bbox 2645 3667 2771 3735; x_wconf 93' lang='lat' dir='ltr'><strong>aut</strong></span> <span class='ocrx_word' id='word_1_319' title='bbox 2832 3682 2994 3735; x_wconf 90' lang='lat' dir='ltr'><strong>cum</strong></span> <span class='ocrx_word' id='word_1_320' title='bbox 3052 3661 3206 3733; x_wconf 90' lang='lat' dir='ltr'><strong>suis</strong></span> <span class='ocrx_word' id='word_1_321' title='bbox 3253 3657 3576 3757; x_wconf 83' lang='lat' dir='ltr'><strong>negotiis</strong></span> <span class='ocrx_word' id='word_1_322' title='bbox 3625 3656 3930 3733; x_wconf 83' lang='lat' dir='ltr'><strong>aliorum</strong></span> <span class='ocrx_word' id='word_1_323' title='bbox 3983 3657 4289 3755; x_wconf 81' lang='lat' dir='ltr'><strong>negotia</strong></span> 
     </span>
     <span class='ocr_line' id='line_1_26' title="bbox 1003 3789 4286 3897; baseline 0 -30"><span class='ocrx_word' id='word_1_324' title='bbox 1003 3789 1438 3891; x_wconf 76' lang='lat' dir='ltr'><strong>conjunxit,</strong></span> <span class='ocrx_word' id='word_1_325' title='bbox 1513 3801 1662 3870; x_wconf 91' lang='lat' dir='ltr'><strong>tum</strong></span> <span class='ocrx_word' id='word_1_326' title='bbox 1728 3794 1799 3871; x_wconf 86' lang='lat' dir='ltr'><strong>ei</strong></span> <span class='ocrx_word' id='word_1_327' title='bbox 1848 3792 1979 3871; x_wconf 83' lang='lat' dir='ltr'><strong>vel</strong></span> <span class='ocrx_word' id='word_1_328' title='bbox 2046 3794 2244 3873; x_wconf 79' lang='lat' dir='ltr'><strong>actio</strong></span> <span class='ocrx_word' id='word_1_329' title='bbox 2294 3798 2656 3882; x_wconf 74' lang='lat' dir='ltr'><strong>communi</strong></span> <span class='ocrx_word' id='word_1_330' title='bbox 2704 3794 3151 3895; x_wconf 75' lang='lat' dir='ltr'><strong>dividundo,</strong></span> <span class='ocrx_word' id='word_1_331' title='bbox 3221 3796 3355 3880; x_wconf 81' lang='lat' dir='ltr'><strong>vel</strong></span> <span class='ocrx_word' id='word_1_332' title='bbox 3415 3801 3664 3897; x_wconf 82' lang='lat' dir='ltr'><strong>negot.</strong></span> <span class='ocrx_word' id='word_1_333' title='bbox 3738 3801 4022 3896; x_wconf 82' lang='lat' dir='ltr'><strong>gestor.</strong></span> <span class='ocrx_word' id='word_1_334' title='bbox 4089 3797 4286 3871; x_wconf 85' lang='lat' dir='ltr'><strong>actio</strong></span> 
     </span>
     <span class='ocr_line' id='line_1_27' title="bbox 1004 3935 1371 4035; baseline -0.005 -27"><span class='ocrx_word' id='word_1_335' title='bbox 1004 3935 1371 4035; x_wconf 87' lang='lat' dir='ltr'><strong>competit.</strong></span> 
     </span>
    </p>
   </div>
   <div class='ocr_carea' id='block_1_2' title="bbox 1084 4269 1987 4356">
    <p class='ocr_par' dir='ltr' id='par_1_4' title="bbox 1084 4269 1987 4356">
     <span class='ocr_line' id='line_1_28' title="bbox 1084 4269 1987 4356; baseline 0.007 -25"><span class='ocrx_word' id='word_1_336' title='bbox 1084 4269 1204 4347; x_wconf 75' lang='lat' dir='ltr'><strong>as)</strong></span> <span class='ocrx_word' id='word_1_337' title='bbox 1253 4272 1422 4333; x_wconf 68' lang='lat' dir='ltr'><strong>mo.</strong></span> <span class='ocrx_word' id='word_1_338' title='bbox 1461 4270 1524 4356; x_wconf 67' lang='lat'><strong>5.</strong></span> <span class='ocrx_word' id='word_1_339' title='bbox 1565 4275 1707 4336; x_wconf 68' lang='grc' dir='ltr'><strong>πο.</strong></span> <span class='ocrx_word' id='word_1_340' title='bbox 1744 4277 1884 4336; x_wconf 78' lang='lat' dir='ltr'><strong>Not.</strong></span> <span class='ocrx_word' id='word_1_341' title='bbox 1925 4277 1987 4336; x_wconf 84' lang='lat' dir='ltr'><strong>k.</strong></span> 
     </span>
    </p>
   </div>
   <div class='ocr_carea' id='block_1_3' title="bbox 1082 4391 4284 4598">
    <p class='ocr_par' dir='ltr' id='par_1_5' title="bbox 1082 4391 4284 4598">
     <span class='ocr_line' id='line_1_29' title="bbox 1082 4391 4284 4490; baseline 0.001 -25"><span class='ocrx_word' id='word_1_342' title='bbox 1082 4404 1202 4484; x_wconf 72' lang='lat'><strong>39)</strong></span> <span class='ocrx_word' id='word_1_343' title='bbox 1252 4406 1665 4472; x_wconf 64' lang='lat' dir='ltr'><strong>Wunder-801·</strong></span> <span class='ocrx_word' id='word_1_344' title='bbox 1706 4410 1783 4473; x_wconf 79' lang='lat' dir='ltr'><strong>de</strong></span> <span class='ocrx_word' id='word_1_345' title='bbox 1822 4414 2041 4474; x_wconf 77' lang='lat' dir='ltr'><strong>remed.</strong></span> <span class='ocrx_word' id='word_1_346' title='bbox 2098 4427 2255 4488; x_wconf 76' lang='lat' dir='ltr'><strong>quse</strong></span> <span class='ocrx_word' id='word_1_347' title='bbox 2306 4429 2418 4489; x_wconf 83' lang='lat' dir='ltr'><strong>pro</strong></span> <span class='ocrx_word' id='word_1_348' title='bbox 2470 4410 2789 4475; x_wconf 72' lang='lat' dir='ltr'><strong>servandis</strong></span> <span class='ocrx_word' id='word_1_349' title='bbox 2842 4408 3352 4490; x_wconf 71' lang='lat' dir='ltr'><strong>recuperandisve</strong></span> <span class='ocrx_word' id='word_1_350' title='bbox 3407 4391 3693 4487; x_wconf 74' lang='lat' dir='ltr'><strong>expensis</strong></span> <span class='ocrx_word' id='word_1_351' title='bbox 3752 4413 3868 4473; x_wconf 76' lang='lat' dir='ltr'><strong>oet.</strong></span> <span class='ocrx_word' id='word_1_352' title='bbox 3922 4410 4284 4483; x_wconf 71' lang='lat' dir='ltr'><strong>competunt.</strong></span> 
     </span>
     <span class='ocr_line' id='line_1_30' title="bbox 1248 4509 2554 4598; baseline 0.006 -24"><span class='ocrx_word' id='word_1_353' title='bbox 1248 4515 1530 4577; x_wconf 66' lang='lat' dir='ltr'><strong>strubon</strong></span> <span class='ocrx_word' id='word_1_354' title='bbox 1569 4518 1742 4596; x_wconf 57' lang='lat' dir='ltr'><strong>resa.</strong></span> <span class='ocrx_word' id='word_1_355' title='bbox 1783 4509 2022 4589; x_wconf 57' lang='lat' dir='ltr'><strong>metent.</strong></span> <span class='ocrx_word' id='word_1_356' title='bbox 2062 4528 2201 4585; x_wconf 82' lang='lat' dir='ltr'><strong>tom.</strong></span> <span class='ocrx_word' id='word_1_357' title='bbox 2242 4523 2301 4584; x_wconf 80' lang='lat' dir='ltr'><strong>a.</strong></span> <span class='ocrx_word' id='word_1_358' title='bbox 2341 4519 2407 4598; x_wconf 65' lang='grc' dir='ltr'><strong>ς.</strong></span> <span class='ocrx_word' id='word_1_359' title='bbox 2450 4522 2554 4585; x_wconf 71' lang='lat' dir='ltr'><strong>w.</strong></span> 
     </span>
    </p>
   </div>
   <div class='ocr_carea' id='block_1_4' title="bbox 1086 4640 1713 4722">
    <p class='ocr_par' dir='ltr' id='par_1_6' title="bbox 1086 4640 1713 4722">
     <span class='ocr_line' id='line_1_31' title="bbox 1086 4640 1713 4722; baseline 0.014 -20"><span class='ocrx_word' id='word_1_360' title='bbox 1086 4640 1205 4718; x_wconf 72' lang='lat'><strong>40)</strong></span> <span class='ocrx_word' id='word_1_361' title='bbox 1254 4645 1423 4706; x_wconf 66' lang='lat' dir='ltr'><strong>wb.</strong></span> <span class='ocrx_word' id='word_1_362' title='bbox 1466 4646 1533 4722; x_wconf 63' lang='lat'><strong>8.</strong></span> <span class='ocrx_word' id='word_1_363' title='bbox 1571 4648 1713 4710; x_wconf 71' lang='grc'><strong>’116-</strong></span> 
     </span>
    </p>
   </div>
  </div>
 </body>
</html>
