<?xml version="1.0" encoding="UTF-8"?>
<!DOCTYPE html PUBLIC "-//W3C//DTD XHTML 1.0 Transitional//EN"
    "http://www.w3.org/TR/xhtml1/DTD/xhtml1-transitional.dtd">
<html xmlns="http://www.w3.org/1999/xhtml" xml:lang="en" lang="en">
 <head>
  <title>
</title>
<meta http-equiv="Content-Type" content="text/html;charset=utf-8" />
  <meta name='ocr-system' content='tesseract 3.04.00' />
  <meta name='ocr-capabilities' content='ocr_page ocr_carea ocr_par ocr_line ocrx_word'/>
</head>
<body>
  <div class='ocr_page' id='page_1' title='image "./diesinterpellat00beckgoog_0302.png"; bbox 0 0 4782 6002; ppageno 0'>
   <div class='ocr_carea' id='block_1_1' title="bbox 753 606 885 682">
    <p class='ocr_par' dir='ltr' id='par_1_1' title="bbox 753 606 885 682">
     <span class='ocr_line' id='line_1_1' title="bbox 753 606 885 682; baseline 0 0"><span class='ocrx_word' id='word_1_1' title='bbox 753 606 885 682; x_wconf 70' lang='lat'><strong>12</strong></span> 
     </span>
    </p>
   </div>
   <div class='ocr_carea' id='block_1_2' title="bbox 746 794 4225 1064">
    <p class='ocr_par' dir='ltr' id='par_1_2' title="bbox 746 794 4225 1064">
     <span class='ocr_line' id='line_1_2' title="bbox 753 794 4225 901; baseline 0.003 -25"><span class='ocrx_word' id='word_1_2' title='bbox 753 821 899 876; x_wconf 80' lang='lat' dir='ltr'><strong>vus</strong></span> <span class='ocrx_word' id='word_1_3' title='bbox 948 795 1289 901; x_wconf 90' lang='lat' dir='ltr'><strong>publicae</strong></span> <span class='ocrx_word' id='word_1_4' title='bbox 1338 797 1595 886; x_wconf 83' lang='lat' dir='ltr'><strong>salutis</strong></span> <span class='ocrx_word' id='word_1_5' title='bbox 1643 795 2188 900; x_wconf 72' lang='lat' dir='ltr'><strong>promovendae</strong></span> <span class='ocrx_word' id='word_1_6' title='bbox 2255 794 2618 899; x_wconf 82' lang='lat' dir='ltr'><strong>appetitus</strong></span> <span class='ocrx_word' id='word_1_7' title='bbox 2683 795 2996 894; x_wconf 77' lang='lat' dir='ltr'><strong>invasit,</strong></span> <span class='ocrx_word' id='word_1_8' title='bbox 3064 800 3143 874; x_wconf 88' lang='lat' dir='ltr'><strong>et</strong></span> <span class='ocrx_word' id='word_1_9' title='bbox 3188 796 3452 876; x_wconf 83' lang='lat' dir='ltr'><strong>factum</strong></span> <span class='ocrx_word' id='word_1_10' title='bbox 3501 805 3657 897; x_wconf 87' lang='lat' dir='ltr'><strong>est,</strong></span> <span class='ocrx_word' id='word_1_11' title='bbox 3722 807 3802 880; x_wconf 81' lang='lat' dir='ltr'><strong>ut</strong></span> <span class='ocrx_word' id='word_1_12' title='bbox 3847 823 3944 881; x_wconf 78' lang='lat' dir='ltr'><strong>ea</strong></span> <span class='ocrx_word' id='word_1_13' title='bbox 3988 829 4170 886; x_wconf 86' lang='lat' dir='ltr'><strong>nas-</strong></span> <span class='ocrx_word' id='word_1_14' title='bbox 4219 853 4225 858; x_wconf 90' lang='lat'><strong>·</strong></span> 
     </span>
     <span class='ocr_line' id='line_1_3' title="bbox 746 934 4066 1064; baseline 0.002 -48"><span class='ocrx_word' id='word_1_15' title='bbox 746 944 1125 1034; x_wconf 71' lang='lat' dir='ltr'><strong>cet-entur,</strong></span> <span class='ocrx_word' id='word_1_16' title='bbox 1180 963 1365 1039; x_wconf 86' lang='lat' dir='ltr'><strong>quae</strong></span> <span class='ocrx_word' id='word_1_17' title='bbox 1413 941 1489 1013; x_wconf 92' lang='lat' dir='ltr'><strong>in</strong></span> <span class='ocrx_word' id='word_1_18' title='bbox 1541 936 1832 1015; x_wconf 78' lang='lat' dir='ltr'>Codice</span> <span class='ocrx_word' id='word_1_19' title='bbox 1893 936 2414 1013; x_wconf 63' lang='lat' dir='ltr'><strong>Naromonno</strong></span> <span class='ocrx_word' id='word_1_20' title='bbox 2463 936 2668 1064; x_wconf 58' lang='lat' dir='ltr'><strong>quasi</strong></span> <span class='ocrx_word' id='word_1_21' title='bbox 2715 934 3072 1012; x_wconf 84' lang='lat' dir='ltr'><strong>elementa</strong></span> <span class='ocrx_word' id='word_1_22' title='bbox 3118 958 3354 1014; x_wconf 88' lang='lat' dir='ltr'><strong>rerum</strong></span> <span class='ocrx_word' id='word_1_23' title='bbox 3399 962 3755 1020; x_wconf 76' lang='lat' dir='ltr'><strong>novarum</strong></span> <span class='ocrx_word' id='word_1_24' title='bbox 3800 944 4066 1032; x_wconf 83' lang='lat' dir='ltr'><strong>insunt.</strong></span> 
     </span>
    </p>
   </div>
   <div class='ocr_carea' id='block_1_3' title="bbox 738 1099 4216 2471">
    <p class='ocr_par' dir='ltr' id='par_1_3' title="bbox 738 1099 4216 2471">
     <span class='ocr_line' id='line_1_4' title="bbox 953 1099 4169 1203; baseline 0.002 -22"><span class='ocrx_word' id='word_1_25' title='bbox 953 1101 1117 1181; x_wconf 83' lang='lat' dir='ltr'><strong>Sed</strong></span> <span class='ocrx_word' id='word_1_26' title='bbox 1166 1110 1337 1178; x_wconf 88' lang='lat' dir='ltr'><strong>ante</strong></span> <span class='ocrx_word' id='word_1_27' title='bbox 1387 1105 1624 1178; x_wconf 87' lang='lat' dir='ltr'><strong>omnia</strong></span> <span class='ocrx_word' id='word_1_28' title='bbox 1672 1099 2093 1197; x_wconf 81' lang='lat' dir='ltr'><strong>videamus,</strong></span> <span class='ocrx_word' id='word_1_29' title='bbox 2146 1124 2490 1200; x_wconf 86' lang='lat' dir='ltr'><strong>quaenam</strong></span> <span class='ocrx_word' id='word_1_30' title='bbox 2553 1103 2916 1176; x_wconf 83' lang='lat' dir='ltr'><strong>sententia</strong></span> <span class='ocrx_word' id='word_1_31' title='bbox 2977 1107 3231 1176; x_wconf 86' lang='lat' dir='ltr'><strong>nostra</strong></span> <span class='ocrx_word' id='word_1_32' title='bbox 3292 1111 3602 1203; x_wconf 73' lang='lat' dir='ltr'><strong>quoque</strong></span> <span class='ocrx_word' id='word_1_33' title='bbox 3654 1114 3894 1186; x_wconf 84' lang='lat' dir='ltr'><strong>aetate</strong></span> <span class='ocrx_word' id='word_1_34' title='bbox 3954 1118 4028 1187; x_wconf 88' lang='lat' dir='ltr'><strong>et</strong></span> <span class='ocrx_word' id='word_1_35' title='bbox 4093 1115 4169 1189; x_wconf 90' lang='lat' dir='ltr'><strong>in</strong></span> 
     </span>
     <span class='ocr_line' id='line_1_5' title="bbox 751 1237 4169 1343; baseline 0.003 -22"><span class='ocrx_word' id='word_1_36' title='bbox 751 1243 1143 1321; x_wconf 85' lang='lat' dir='ltr'><strong>Germania</strong></span> <span class='ocrx_word' id='word_1_37' title='bbox 1189 1245 1351 1343; x_wconf 88' lang='lat' dir='ltr'><strong>ipsa</strong></span> <span class='ocrx_word' id='word_1_38' title='bbox 1399 1241 1495 1319; x_wconf 88' lang='lat' dir='ltr'><strong>de</strong></span> <span class='ocrx_word' id='word_1_39' title='bbox 1544 1242 1689 1320; x_wconf 82' lang='lat' dir='ltr'><strong>boc</strong></span> <span class='ocrx_word' id='word_1_40' title='bbox 1740 1242 2004 1320; x_wconf 90' lang='lat' dir='ltr'><strong>codice</strong></span> <span class='ocrx_word' id='word_1_41' title='bbox 2052 1244 2256 1341; x_wconf 83' lang='lat' dir='ltr'><strong>quasi</strong></span> <span class='ocrx_word' id='word_1_42' title='bbox 2306 1264 2406 1318; x_wconf 85' lang='lat' dir='ltr'><strong>ex</strong></span> <span class='ocrx_word' id='word_1_43' title='bbox 2454 1237 2708 1332; x_wconf 77' lang='lat' dir='ltr'><strong>indole</strong></span> <span class='ocrx_word' id='word_1_44' title='bbox 2768 1239 3024 1341; x_wconf 88' lang='lat' dir='ltr'><strong>populi</strong></span> <span class='ocrx_word' id='word_1_45' title='bbox 3088 1241 3428 1340; x_wconf 81' lang='lat' dir='ltr'><strong>profecto</strong></span> <span class='ocrx_word' id='word_1_46' title='bbox 3494 1244 3792 1331; x_wconf 87' lang='lat' dir='ltr'><strong>feratur.</strong></span> <span class='ocrx_word' id='word_1_47' title='bbox 3897 1251 4169 1329; x_wconf 88' lang='lat' dir='ltr'><strong>Dicunt</strong></span> 
     </span>
     <span class='ocr_line' id='line_1_6' title="bbox 743 1365 4172 1497; baseline 0.004 -37"><span class='ocrx_word' id='word_1_48' title='bbox 743 1384 1071 1460; x_wconf 84' lang='lat' dir='ltr'><strong>homines</strong></span> <span class='ocrx_word' id='word_1_49' title='bbox 1086 1436 1111 1477; x_wconf 94' lang='lat'><strong>,</strong></span> <span class='ocrx_word' id='word_1_50' title='bbox 1154 1387 1284 1483; x_wconf 91' lang='lat' dir='ltr'><strong>jus</strong></span> <span class='ocrx_word' id='word_1_51' title='bbox 1333 1382 1902 1484; x_wconf 70' lang='lat' dir='ltr'><strong>Napozeonmm</strong></span> <span class='ocrx_word' id='word_1_52' title='bbox 1952 1406 2120 1461; x_wconf 88' lang='lat' dir='ltr'><strong>esse</strong></span> <span class='ocrx_word' id='word_1_53' title='bbox 2172 1382 2698 1497; x_wconf 68' lang='lat' dir='ltr'><strong>Germanicum</strong></span> <span class='ocrx_word' id='word_1_54' title='bbox 2716 1436 2741 1478; x_wconf 92' lang='lat'><strong>,</strong></span> <span class='ocrx_word' id='word_1_55' title='bbox 2817 1365 3365 1483; x_wconf 76' lang='lat' dir='ltr'><strong>oppositumque</strong></span> <span class='ocrx_word' id='word_1_56' title='bbox 3431 1387 3748 1464; x_wconf 89' lang='lat' dir='ltr'><strong>moribus</strong></span> <span class='ocrx_word' id='word_1_57' title='bbox 3795 1391 4172 1474; x_wconf 80' lang='lat' dir='ltr'><strong>Romano-</strong></span> 
     </span>
     <span class='ocr_line' id='line_1_7' title="bbox 741 1522 4173 1627; baseline 0.002 -26"><span class='ocrx_word' id='word_1_58' title='bbox 741 1549 934 1619; x_wconf 89' lang='lat' dir='ltr'><strong>rum,</strong></span> <span class='ocrx_word' id='word_1_59' title='bbox 987 1527 1446 1602; x_wconf 79' lang='lat' dir='ltr'><strong>conveniens</strong></span> <span class='ocrx_word' id='word_1_60' title='bbox 1495 1526 1788 1627; x_wconf 84' lang='lat' dir='ltr'><strong>populis</strong></span> <span class='ocrx_word' id='word_1_61' title='bbox 1840 1528 2111 1602; x_wconf 87' lang='lat' dir='ltr'><strong>nostris</strong></span> <span class='ocrx_word' id='word_1_62' title='bbox 2156 1531 2235 1602; x_wconf 87' lang='lat' dir='ltr'><strong>et</strong></span> <span class='ocrx_word' id='word_1_63' title='bbox 2273 1525 2424 1625; x_wconf 88' lang='lat' dir='ltr'><strong>juri</strong></span> <span class='ocrx_word' id='word_1_64' title='bbox 2472 1522 2808 1626; x_wconf 87' lang='lat' dir='ltr'><strong>publico,</strong></span> <span class='ocrx_word' id='word_1_65' title='bbox 2875 1522 3276 1603; x_wconf 86' lang='lat' dir='ltr'><strong>abhorrens</strong></span> <span class='ocrx_word' id='word_1_66' title='bbox 3343 1526 3436 1603; x_wconf 88' lang='lat' dir='ltr'><strong>ab</strong></span> <span class='ocrx_word' id='word_1_67' title='bbox 3513 1527 3881 1626; x_wconf 81' lang='lat' dir='ltr'><strong>historicis</strong></span> <span class='ocrx_word' id='word_1_68' title='bbox 3941 1540 4173 1614; x_wconf 83' lang='lat' dir='ltr'><strong>ratio-</strong></span> 
     </span>
     <span class='ocr_line' id='line_1_8' title="bbox 738 1664 4174 1779; baseline 0.004 -37"><span class='ocrx_word' id='word_1_69' title='bbox 738 1664 951 1742; x_wconf 81' lang='lat' dir='ltr'><strong>nibus</strong></span> <span class='ocrx_word' id='word_1_70' title='bbox 1001 1673 1077 1741; x_wconf 88' lang='lat' dir='ltr'><strong>et</strong></span> <span class='ocrx_word' id='word_1_71' title='bbox 1124 1670 1593 1743; x_wconf 75' lang='lat' dir='ltr'>monumentis</span> <span class='ocrx_word' id='word_1_72' title='bbox 1641 1668 2147 1745; x_wconf 81' lang='lat' dir='ltr'><strong>Romanorum.</strong></span> <span class='ocrx_word' id='word_1_73' title='bbox 2248 1667 2524 1741; x_wconf 87' lang='lat' dir='ltr'><strong>Dicunt</strong></span> <span class='ocrx_word' id='word_1_74' title='bbox 2584 1664 2961 1761; x_wconf 76' lang='lat' dir='ltr'><strong>Rhenani,</strong></span> <span class='ocrx_word' id='word_1_75' title='bbox 3034 1664 3281 1742; x_wconf 90' lang='lat' dir='ltr'><strong>dicunt</strong></span> <span class='ocrx_word' id='word_1_76' title='bbox 3348 1667 3773 1768; x_wconf 87' lang='lat' dir='ltr'><strong>Badenses,</strong></span> <span class='ocrx_word' id='word_1_77' title='bbox 3860 1673 4007 1752; x_wconf 86' lang='lat' dir='ltr'><strong>hoo</strong></span> <span class='ocrx_word' id='word_1_78' title='bbox 4048 1681 4174 1779; x_wconf 83' lang='lat' dir='ltr'><strong>jus</strong></span> 
     </span>
     <span class='ocr_line' id='line_1_9' title="bbox 740 1804 4168 1905; baseline 0.002 -21"><span class='ocrx_word' id='word_1_79' title='bbox 740 1810 1013 1884; x_wconf 84' lang='lat' dir='ltr'><strong>nostris</strong></span> <span class='ocrx_word' id='word_1_80' title='bbox 1061 1806 1707 1886; x_wconf 77' lang='lat' dir='ltr'><strong>consuetudinibus</strong></span> <span class='ocrx_word' id='word_1_81' title='bbox 1756 1813 1993 1882; x_wconf 88' lang='lat' dir='ltr'><strong>ortum</strong></span> <span class='ocrx_word' id='word_1_82' title='bbox 2040 1805 2358 1904; x_wconf 84' lang='lat' dir='ltr'><strong>ideoque</strong></span> <span class='ocrx_word' id='word_1_83' title='bbox 2405 1804 2696 1880; x_wconf 80' lang='lat' dir='ltr'><strong>facilius</strong></span> <span class='ocrx_word' id='word_1_84' title='bbox 2741 1805 3162 1900; x_wconf 89' lang='lat' dir='ltr'><strong>intellectu,</strong></span> <span class='ocrx_word' id='word_1_85' title='bbox 3231 1805 3700 1885; x_wconf 82' lang='lat' dir='ltr'><strong>domesticum</strong></span> <span class='ocrx_word' id='word_1_86' title='bbox 3752 1834 3958 1905; x_wconf 87' lang='lat' dir='ltr'><strong>esse,</strong></span> <span class='ocrx_word' id='word_1_87' title='bbox 4030 1815 4168 1895; x_wconf 79' lang='lat' dir='ltr'><strong>sad</strong></span> 
     </span>
     <span class='ocr_line' id='line_1_10' title="bbox 742 1945 4216 2056; baseline 0.001 -31"><span class='ocrx_word' id='word_1_88' title='bbox 742 1971 1012 2026; x_wconf 83' lang='lat' dir='ltr'><strong>revera</strong></span> <span class='ocrx_word' id='word_1_89' title='bbox 1059 1952 1521 2050; x_wconf 89' lang='lat' dir='ltr'><strong>conjunctum</strong></span> <span class='ocrx_word' id='word_1_90' title='bbox 1571 1971 1732 2026; x_wconf 85' lang='lat' dir='ltr'><strong>cum</strong></span> <span class='ocrx_word' id='word_1_91' title='bbox 1786 1950 2166 2049; x_wconf 83' lang='lat' dir='ltr'><strong>principiis</strong></span> <span class='ocrx_word' id='word_1_92' title='bbox 2231 1948 2535 2030; x_wconf 84' lang='lat' dir='ltr'><strong>rationis</strong></span> <span class='ocrx_word' id='word_1_93' title='bbox 2582 1945 2993 2036; x_wconf 79' lang='lat' dir='ltr'><strong>Romanae,</strong></span> <span class='ocrx_word' id='word_1_94' title='bbox 3064 1949 3409 2024; x_wconf 83' lang='lat' dir='ltr'><strong>naturalis</strong></span> <span class='ocrx_word' id='word_1_95' title='bbox 3460 1957 3537 2025; x_wconf 88' lang='lat' dir='ltr'><strong>et</strong></span> <span class='ocrx_word' id='word_1_96' title='bbox 3584 1955 3936 2049; x_wconf 76' lang='lat' dir='ltr'><strong>gentium:</strong></span> <span class='ocrx_word' id='word_1_97' title='bbox 4005 1960 4216 2056; x_wconf 69' lang='lat' dir='ltr'><strong>quia.</strong></span> 
     </span>
     <span class='ocr_line' id='line_1_11' title="bbox 741 2087 4174 2195; baseline 0.001 -28"><span class='ocrx_word' id='word_1_98' title='bbox 741 2097 817 2167; x_wconf 91' lang='lat' dir='ltr'><strong>et</strong></span> <span class='ocrx_word' id='word_1_99' title='bbox 866 2112 959 2167; x_wconf 87' lang='lat' dir='ltr'><strong>ea</strong></span> <span class='ocrx_word' id='word_1_100' title='bbox 1008 2112 1111 2195; x_wconf 87' lang='lat' dir='ltr'><strong>ex</strong></span> <span class='ocrx_word' id='word_1_101' title='bbox 1158 2089 1466 2166; x_wconf 83' lang='lat' dir='ltr'><strong>naturali</strong></span> <span class='ocrx_word' id='word_1_102' title='bbox 1518 2091 1825 2166; x_wconf 85' lang='lat' dir='ltr'><strong>omnium</strong></span> <span class='ocrx_word' id='word_1_103' title='bbox 1875 2087 2230 2165; x_wconf 91' lang='lat' dir='ltr'><strong>hominum</strong></span> <span class='ocrx_word' id='word_1_104' title='bbox 2265 2092 2441 2188; x_wconf 86' lang='lat' dir='ltr'><strong>jure</strong></span> <span class='ocrx_word' id='word_1_105' title='bbox 2487 2088 2871 2188; x_wconf 82' lang='lat' dir='ltr'><strong>profluant.</strong></span> <span class='ocrx_word' id='word_1_106' title='bbox 2970 2087 3144 2165; x_wconf 85' lang='lat' dir='ltr'><strong>Hoc</strong></span> <span class='ocrx_word' id='word_1_107' title='bbox 3182 2094 3336 2189; x_wconf 88' lang='lat' dir='ltr'><strong>jus,</strong></span> <span class='ocrx_word' id='word_1_108' title='bbox 3404 2093 3624 2188; x_wconf 86' lang='lat' dir='ltr'><strong>aiunt,</strong></span> <span class='ocrx_word' id='word_1_109' title='bbox 3672 2093 4002 2195; x_wconf 88' lang='lat' dir='ltr'><strong>populis,</strong></span> <span class='ocrx_word' id='word_1_110' title='bbox 4055 2100 4174 2195; x_wconf 89' lang='lat' dir='ltr'><strong>qui</strong></span> 
     </span>
     <span class='ocr_line' id='line_1_12' title="bbox 745 2226 4163 2333; baseline 0.001 -26"><span class='ocrx_word' id='word_1_111' title='bbox 745 2252 940 2307; x_wconf 88' lang='lat' dir='ltr'><strong>nunc</strong></span> <span class='ocrx_word' id='word_1_112' title='bbox 1005 2230 1313 2323; x_wconf 89' lang='lat' dir='ltr'><strong>florent,</strong></span> <span class='ocrx_word' id='word_1_113' title='bbox 1382 2228 1601 2303; x_wconf 91' lang='lat' dir='ltr'><strong>latum</strong></span> <span class='ocrx_word' id='word_1_114' title='bbox 1649 2231 1748 2304; x_wconf 86' lang='lat' dir='ltr'><strong>ita</strong></span> <span class='ocrx_word' id='word_1_115' title='bbox 1814 2237 1958 2322; x_wconf 91' lang='lat' dir='ltr'><strong>est,</strong></span> <span class='ocrx_word' id='word_1_116' title='bbox 2042 2237 2120 2304; x_wconf 89' lang='lat' dir='ltr'><strong>ut</strong></span> <span class='ocrx_word' id='word_1_117' title='bbox 2170 2226 2443 2305; x_wconf 83' lang='lat' dir='ltr'><strong>Christi</strong></span> <span class='ocrx_word' id='word_1_118' title='bbox 2493 2229 3038 2307; x_wconf 82' lang='lat' dir='ltr'><strong>confessoribus</strong></span> <span class='ocrx_word' id='word_1_119' title='bbox 3087 2232 3590 2333; x_wconf 83' lang='lat' dir='ltr'><strong>evangelium:</strong></span> <span class='ocrx_word' id='word_1_120' title='bbox 3653 2233 4163 2331; x_wconf 88' lang='lat' dir='ltr'><strong>saluberrima,</strong></span> 
     </span>
     <span class='ocr_line' id='line_1_13' title="bbox 745 2349 3870 2471; baseline 0.001 -26"><span class='ocrx_word' id='word_1_121' title='bbox 745 2393 935 2470; x_wconf 77' lang='lat' dir='ltr'><strong>quae</strong></span> <span class='ocrx_word' id='word_1_122' title='bbox 987 2369 1314 2445; x_wconf 86' lang='lat' dir='ltr'><strong>omnibus</strong></span> <span class='ocrx_word' id='word_1_123' title='bbox 1364 2369 1656 2471; x_wconf 89' lang='lat' dir='ltr'><strong>populis</strong></span> <span class='ocrx_word' id='word_1_124' title='bbox 1706 2370 2097 2465; x_wconf 84' lang='lat' dir='ltr'><strong>affulserit,</strong></span> <span class='ocrx_word' id='word_1_125' title='bbox 2146 2371 2280 2446; x_wconf 85' lang='lat' dir='ltr'><strong>lux</strong></span> <span class='ocrx_word' id='word_1_126' title='bbox 2330 2377 2646 2449; x_wconf 78' lang='lat' dir='ltr'><strong>aeterna.</strong></span> <span class='ocrx_word' id='word_1_127' title='bbox 3743 2355 3750 2364; x_wconf 51' lang='grc'><strong><em>’</em></strong></span> <span class='ocrx_word' id='word_1_128' title='bbox 3865 2349 3870 2352; x_wconf 32' lang='grc'><strong>’</strong></span> 
     </span>
    </p>
   </div>
   <div class='ocr_carea' id='block_1_4' title="bbox 953 2533 3108 2636">
    <p class='ocr_par' dir='ltr' id='par_1_4' title="bbox 953 2533 3108 2636">
     <span class='ocr_line' id='line_1_14' title="bbox 953 2533 3108 2636; baseline -0.001 -22"><span class='ocrx_word' id='word_1_129' title='bbox 953 2534 1116 2614; x_wconf 82' lang='lat' dir='ltr'><strong>Sed</strong></span> <span class='ocrx_word' id='word_1_130' title='bbox 1165 2558 1261 2611; x_wconf 89' lang='lat' dir='ltr'><strong>ne</strong></span> <span class='ocrx_word' id='word_1_131' title='bbox 1309 2536 1747 2636; x_wconf 79' lang='lat' dir='ltr'><strong>gloriemur,</strong></span> <span class='ocrx_word' id='word_1_132' title='bbox 1799 2536 2087 2636; x_wconf 83' lang='lat' dir='ltr'><strong>singula</strong></span> <span class='ocrx_word' id='word_1_133' title='bbox 2134 2536 2505 2635; x_wconf 74' lang='lat' dir='ltr'><strong>sigillatim</strong></span> <span class='ocrx_word' id='word_1_134' title='bbox 2552 2533 2957 2618; x_wconf 81' lang='lat' dir='ltr'><strong>videamus.</strong></span> <span class='ocrx_word' id='word_1_135' title='bbox 3093 2565 3108 2580; x_wconf 91' lang='lat'><strong>·</strong></span> 
     </span>
    </p>
   </div>
   <div class='ocr_carea' id='block_1_5' title="bbox 743 2698 4172 3087">
    <p class='ocr_par' dir='ltr' id='par_1_5' title="bbox 743 2698 4172 3087">
     <span class='ocr_line' id='line_1_15' title="bbox 942 2698 4169 2827; baseline 0.001 -51"><span class='ocrx_word' id='word_1_136' title='bbox 942 2701 1005 2776; x_wconf 90' lang='lat'><strong>1.</strong></span> <span class='ocrx_word' id='word_1_137' title='bbox 1101 2702 1188 2777; x_wconf 88' lang='lat' dir='ltr'><strong>In</strong></span> <span class='ocrx_word' id='word_1_138' title='bbox 1240 2699 1426 2775; x_wconf 90' lang='lat' dir='ltr'><strong>libro</strong></span> <span class='ocrx_word' id='word_1_139' title='bbox 1496 2702 1725 2827; x_wconf 70' lang='lat' dir='ltr'><strong>primo</strong></span> <span class='ocrx_word' id='word_1_140' title='bbox 1776 2698 2086 2777; x_wconf 87' lang='lat' dir='ltr'><strong>Codicis</strong></span> <span class='ocrx_word' id='word_1_141' title='bbox 2153 2700 2362 2801; x_wconf 89' lang='lat' dir='ltr'><strong>plura</strong></span> <span class='ocrx_word' id='word_1_142' title='bbox 2426 2707 2941 2798; x_wconf 67' lang='lat' dir='ltr'><strong>recensentur,</strong></span> <span class='ocrx_word' id='word_1_143' title='bbox 3018 2722 3202 2800; x_wconf 86' lang='lat' dir='ltr'><strong>quae</strong></span> <span class='ocrx_word' id='word_1_144' title='bbox 3267 2724 3412 2779; x_wconf 92' lang='lat' dir='ltr'><strong>non</strong></span> <span class='ocrx_word' id='word_1_145' title='bbox 3480 2704 3770 2778; x_wconf 89' lang='lat' dir='ltr'><strong>omnino</strong></span> <span class='ocrx_word' id='word_1_146' title='bbox 3833 2724 3938 2778; x_wconf 84' lang='lat' dir='ltr'><strong>ex</strong></span> <span class='ocrx_word' id='word_1_147' title='bbox 3992 2704 4169 2803; x_wconf 84' lang='lat' dir='ltr'><strong>jure</strong></span> 
     </span>
     <span class='ocr_line' id='line_1_16' title="bbox 745 2839 4172 2944; baseline 0.001 -26"><span class='ocrx_word' id='word_1_148' title='bbox 745 2841 1079 2918; x_wconf 80' lang='lat' dir='ltr'><strong>Romano</strong></span> <span class='ocrx_word' id='word_1_149' title='bbox 1123 2840 1450 2917; x_wconf 86' lang='lat' dir='ltr'><strong>desumta</strong></span> <span class='ocrx_word' id='word_1_150' title='bbox 1496 2849 1697 2936; x_wconf 83' lang='lat' dir='ltr'><strong>sunt,</strong></span> <span class='ocrx_word' id='word_1_151' title='bbox 1737 2844 1914 2918; x_wconf 87' lang='lat' dir='ltr'><strong>etin</strong></span> <span class='ocrx_word' id='word_1_152' title='bbox 1950 2839 2203 2940; x_wconf 88' lang='lat' dir='ltr'><strong>quibus</strong></span> <span class='ocrx_word' id='word_1_153' title='bbox 2228 2844 2385 2940; x_wconf 88' lang='lat' dir='ltr'><strong>jam</strong></span> <span class='ocrx_word' id='word_1_154' title='bbox 2412 2842 2704 2940; x_wconf 85' lang='lat' dir='ltr'><strong>singula</strong></span> <span class='ocrx_word' id='word_1_155' title='bbox 2734 2843 3104 2918; x_wconf 89' lang='lat' dir='ltr'><strong>territoria</strong></span> <span class='ocrx_word' id='word_1_156' title='bbox 3142 2844 3338 2944; x_wconf 76' lang='lat' dir='ltr'><strong>juris</strong></span> <span class='ocrx_word' id='word_1_157' title='bbox 3381 2840 3636 2941; x_wconf 79' lang='lat' dir='ltr'><strong>gallici</strong></span> <span class='ocrx_word' id='word_1_158' title='bbox 3672 2848 3748 2918; x_wconf 89' lang='lat' dir='ltr'><strong>et</strong></span> <span class='ocrx_word' id='word_1_159' title='bbox 3779 2842 4172 2942; x_wconf 79' lang='lat' dir='ltr'><strong>germanici</strong></span> 
     </span>
     <span class='ocr_line' id='line_1_17' title="bbox 743 2980 4090 3087; baseline 0 -27"><span class='ocrx_word' id='word_1_160' title='bbox 743 3006 918 3060; x_wconf 81' lang='lat' dir='ltr'><strong>suas</strong></span> <span class='ocrx_word' id='word_1_161' title='bbox 963 2980 1364 3058; x_wconf 86' lang='lat' dir='ltr'><strong>habuerunt</strong></span> <span class='ocrx_word' id='word_1_162' title='bbox 1413 2985 1996 3059; x_wconf 65' lang='lat' dir='ltr'><strong>constitutionem</strong></span> <span class='ocrx_word' id='word_1_163' title='bbox 2047 2985 2483 3085; x_wconf 80' lang='lat' dir='ltr'><strong>nuptiarum,</strong></span> <span class='ocrx_word' id='word_1_164' title='bbox 2535 2982 2915 3060; x_wconf 76' lang='lat' dir='ltr'><strong>tutelarum</strong></span> <span class='ocrx_word' id='word_1_165' title='bbox 2935 3037 2958 3080; x_wconf 96' lang='lat'><strong>,</strong></span> <span class='ocrx_word' id='word_1_166' title='bbox 3009 2987 3287 3086; x_wconf 75' lang='lat' dir='ltr'><strong>patriae</strong></span> <span class='ocrx_word' id='word_1_167' title='bbox 3335 2988 3744 3087; x_wconf 86' lang='lat' dir='ltr'><strong>potestatis.</strong></span> <span class='ocrx_word' id='word_1_168' title='bbox 3844 2981 4012 3062; x_wconf 85' lang='lat' dir='ltr'><strong>Sed</strong></span> <span class='ocrx_word' id='word_1_169' title='bbox 4081 3078 4090 3087; x_wconf 23' lang='lat'><em>³</em></span> 
     </span>
    </p>
   </div>
   <div class='ocr_carea' id='block_1_6' title="bbox 740 3145 4176 3399">
    <p class='ocr_par' dir='ltr' id='par_1_6' title="bbox 740 3145 4176 3399">
     <span class='ocr_line' id='line_1_18' title="bbox 940 3145 4176 3251; baseline 0.001 -26"><span class='ocrx_word' id='word_1_170' title='bbox 940 3154 1027 3244; x_wconf 76' lang='lat' dir='ltr'><strong>a)</strong></span> <span class='ocrx_word' id='word_1_171' title='bbox 1077 3153 1147 3226; x_wconf 88' lang='lat' dir='ltr'><strong>in</strong></span> <span class='ocrx_word' id='word_1_172' title='bbox 1188 3152 1364 3249; x_wconf 77' lang='lat' dir='ltr'><strong>jure</strong></span> <span class='ocrx_word' id='word_1_173' title='bbox 1416 3147 1757 3242; x_wconf 85' lang='lat' dir='ltr'><strong>Gallico,</strong></span> <span class='ocrx_word' id='word_1_174' title='bbox 1811 3145 2009 3246; x_wconf 84' lang='lat' dir='ltr'><strong>quod</strong></span> <span class='ocrx_word' id='word_1_175' title='bbox 2056 3152 2249 3223; x_wconf 86' lang='lat' dir='ltr'><strong>nun’c</strong></span> <span class='ocrx_word' id='word_1_176' title='bbox 2294 3156 2444 3242; x_wconf 83' lang='lat' dir='ltr'><strong>est,</strong></span> <span class='ocrx_word' id='word_1_177' title='bbox 2517 3149 2867 3251; x_wconf 83' lang='lat' dir='ltr'><strong>plurimae</strong></span> <span class='ocrx_word' id='word_1_178' title='bbox 2916 3153 3118 3248; x_wconf 85' lang='lat' dir='ltr'><strong>quasi</strong></span> <span class='ocrx_word' id='word_1_179' title='bbox 3169 3149 3737 3251; x_wconf 70' lang='lat' dir='ltr'><strong>praejudiciales</strong></span> <span class='ocrx_word' id='word_1_180' title='bbox 3777 3173 3905 3229; x_wconf 83' lang='lat' dir='ltr'><strong>res</strong></span> <span class='ocrx_word' id='word_1_181' title='bbox 3951 3150 4176 3227; x_wconf 79' lang='lat' dir='ltr'><strong>novi-</strong></span> 
     </span>
     <span class='ocr_line' id='line_1_19' title="bbox 740 3288 3362 3399; baseline -0 -33"><span class='ocrx_word' id='word_1_182' title='bbox 740 3299 855 3367; x_wconf 87' lang='lat' dir='ltr'><strong>ter</strong></span> <span class='ocrx_word' id='word_1_183' title='bbox 902 3291 1318 3369; x_wconf 78' lang='lat' dir='ltr'><strong>intellectae</strong></span> <span class='ocrx_word' id='word_1_184' title='bbox 1366 3296 1443 3366; x_wconf 84' lang='lat' dir='ltr'><strong>et</strong></span> <span class='ocrx_word' id='word_1_185' title='bbox 1491 3294 1893 3389; x_wconf 79' lang='lat' dir='ltr'><strong>congestae</strong></span> <span class='ocrx_word' id='word_1_186' title='bbox 1941 3296 2107 3364; x_wconf 87' lang='lat' dir='ltr'><strong>sunt</strong></span> <span class='ocrx_word' id='word_1_187' title='bbox 2158 3311 2227 3364; x_wconf 82' lang='lat' dir='ltr'><strong>e.</strong></span> <span class='ocrx_word' id='word_1_188' title='bbox 2278 3311 2354 3388; x_wconf 79' lang='lat' dir='ltr'><strong>g.</strong></span> <span class='ocrx_word' id='word_1_189' title='bbox 2404 3295 2634 3365; x_wconf 86' lang='lat' dir='ltr'><strong>status</strong></span> <span class='ocrx_word' id='word_1_190' title='bbox 2685 3289 2931 3399; x_wconf 76' lang='lat' dir='ltr'><strong>civilis</strong></span> <span class='ocrx_word' id='word_1_191' title='bbox 2980 3288 3362 3365; x_wconf 87' lang='lat' dir='ltr'><strong>bominum.</strong></span> 
     </span>
    </p>
   </div>
   <div class='ocr_carea' id='block_1_7' title="bbox 744 3452 4173 3977">
    <p class='ocr_par' dir='ltr' id='par_1_7' title="bbox 744 3452 4173 3977">
     <span class='ocr_line' id='line_1_20' title="bbox 946 3452 4168 3557; baseline -0.001 -27"><span class='ocrx_word' id='word_1_192' title='bbox 946 3454 1035 3550; x_wconf 75' lang='lat' dir='ltr'><strong>b&gt;</strong></span> <span class='ocrx_word' id='word_1_193' title='bbox 1085 3454 1174 3530; x_wconf 85' lang='lat' dir='ltr'><strong>Iu</strong></span> <span class='ocrx_word' id='word_1_194' title='bbox 1224 3458 1488 3557; x_wconf 89' lang='lat' dir='ltr'><strong>nuptiis</strong></span> <span class='ocrx_word' id='word_1_195' title='bbox 1536 3453 1821 3553; x_wconf 86' lang='lat' dir='ltr'><strong>quidem</strong></span> <span class='ocrx_word' id='word_1_196' title='bbox 1860 3458 1991 3555; x_wconf 88' lang='lat' dir='ltr'><strong>jus</strong></span> <span class='ocrx_word' id='word_1_197' title='bbox 2039 3454 2413 3531; x_wconf 87' lang='lat' dir='ltr'><strong>ecclesiae</strong></span> <span class='ocrx_word' id='word_1_198' title='bbox 2461 3476 2607 3531; x_wconf 92' lang='lat' dir='ltr'><strong>non</strong></span> <span class='ocrx_word' id='word_1_199' title='bbox 2657 3452 3044 3555; x_wconf 84' lang='lat' dir='ltr'><strong>probatur,</strong></span> <span class='ocrx_word' id='word_1_200' title='bbox 3122 3478 3356 3554; x_wconf 85' lang='lat' dir='ltr'><strong>neque</strong></span> <span class='ocrx_word' id='word_1_201' title='bbox 3428 3477 3618 3533; x_wconf 83' lang='lat' dir='ltr'><strong>vero</strong></span> <span class='ocrx_word' id='word_1_202' title='bbox 3685 3452 4168 3556; x_wconf 72' lang='lat' dir='ltr'><strong>reprobaturz</strong></span> 
     </span>
     <span class='ocr_line' id='line_1_21' title="bbox 747 3580 4173 3697; baseline -0.001 -26"><span class='ocrx_word' id='word_1_203' title='bbox 747 3580 858 3672; x_wconf 82' lang='lat' dir='ltr'><strong>sic</strong></span> <span class='ocrx_word' id='word_1_204' title='bbox 917 3601 1053 3697; x_wconf 90' lang='lat' dir='ltr'><strong>jus</strong></span> <span class='ocrx_word' id='word_1_205' title='bbox 1116 3595 1788 3692; x_wconf 80' lang='lat' dir='ltr'><strong>franco-gallicum</strong></span> <span class='ocrx_word' id='word_1_206' title='bbox 1865 3617 2143 3671; x_wconf 86' lang='lat' dir='ltr'><strong>omnem</strong></span> <span class='ocrx_word' id='word_1_207' title='bbox 2214 3598 2787 3673; x_wconf 82' lang='lat' dir='ltr'><strong>controversiam</strong></span> <span class='ocrx_word' id='word_1_208' title='bbox 2854 3596 3183 3691; x_wconf 75' lang='lat' dir='ltr'><strong>sustulit,</strong></span> <span class='ocrx_word' id='word_1_209' title='bbox 3262 3617 3449 3693; x_wconf 85' lang='lat' dir='ltr'><strong>quae</strong></span> <span class='ocrx_word' id='word_1_210' title='bbox 3510 3598 3700 3670; x_wconf 86' lang='lat' dir='ltr'><strong>inter</strong></span> <span class='ocrx_word' id='word_1_211' title='bbox 3766 3594 4173 3669; x_wconf 83' lang='lat' dir='ltr'><strong>Germanos</strong></span> 
     </span>
     <span class='ocr_line' id='line_1_22' title="bbox 747 3731 4171 3837; baseline -0.001 -25"><span class='ocrx_word' id='word_1_212' title='bbox 747 3759 937 3837; x_wconf 86' lang='lat' dir='ltr'><strong>pace</strong></span> <span class='ocrx_word' id='word_1_213' title='bbox 971 3731 1490 3834; x_wconf 85' lang='lat' dir='ltr'><strong>Westpbalica</strong></span> <span class='ocrx_word' id='word_1_214' title='bbox 1540 3741 1698 3807; x_wconf 88' lang='lat' dir='ltr'><strong>orta</strong></span> <span class='ocrx_word' id='word_1_215' title='bbox 1717 3787 1740 3827; x_wconf 96' lang='lat'><strong>,</strong></span> <span class='ocrx_word' id='word_1_216' title='bbox 1781 3737 1959 3833; x_wconf 83' lang='lat' dir='ltr'><strong>jure</strong></span> <span class='ocrx_word' id='word_1_217' title='bbox 2002 3735 2309 3834; x_wconf 86' lang='lat' dir='ltr'><strong>politico</strong></span> <span class='ocrx_word' id='word_1_218' title='bbox 2360 3738 2747 3811; x_wconf 84' lang='lat' dir='ltr'><strong>recentiori</strong></span> <span class='ocrx_word' id='word_1_219' title='bbox 2785 3743 2943 3811; x_wconf 84' lang='lat' dir='ltr'><strong>erat</strong></span> <span class='ocrx_word' id='word_1_220' title='bbox 2981 3733 3471 3836; x_wconf 80' lang='lat' dir='ltr'><strong>profliganda,</strong></span> <span class='ocrx_word' id='word_1_221' title='bbox 3525 3734 3932 3834; x_wconf 84' lang='lat' dir='ltr'><strong>Principum</strong></span> <span class='ocrx_word' id='word_1_222' title='bbox 3981 3754 4171 3809; x_wconf 83' lang='lat' dir='ltr'><strong>vero</strong></span> 
     </span>
     <span class='ocr_line' id='line_1_23' title="bbox 744 3868 4074 3977; baseline -0.001 -24"><span class='ocrx_word' id='word_1_223' title='bbox 744 3875 1337 3953; x_wconf 82' lang='lat' dir='ltr'><strong>Germanicorum</strong></span> <span class='ocrx_word' id='word_1_224' title='bbox 1386 3893 1673 3972; x_wconf 88' lang='lat' dir='ltr'><strong>semper</strong></span> <span class='ocrx_word' id='word_1_225' title='bbox 1720 3871 1989 3947; x_wconf 83' lang='lat' dir='ltr'><strong>insedit</strong></span> <span class='ocrx_word' id='word_1_226' title='bbox 2039 3878 2109 3949; x_wconf 89' lang='lat' dir='ltr'><strong>in</strong></span> <span class='ocrx_word' id='word_1_227' title='bbox 2163 3868 2615 3951; x_wconf 79' lang='lat' dir='ltr'><strong>conscientia</strong></span> <span class='ocrx_word' id='word_1_228' title='bbox 2662 3875 2984 3977; x_wconf 85' lang='lat' dir='ltr'><strong>politica.</strong></span> <span class='ocrx_word' id='word_1_229' title='bbox 4061 3878 4074 3893; x_wconf 91' lang='lat'>&#39;</span> 
     </span>
    </p>
   </div>
   <div class='ocr_carea' id='block_1_8' title="bbox 738 4008 4238 4830">
    <p class='ocr_par' dir='ltr' id='par_1_8' title="bbox 738 4008 4238 4830">
     <span class='ocr_line' id='line_1_24' title="bbox 945 4008 4238 4139; baseline -0 -26"><span class='ocrx_word' id='word_1_230' title='bbox 945 4045 1028 4133; x_wconf 82' lang='lat' dir='ltr'><strong>c)</strong></span> <span class='ocrx_word' id='word_1_231' title='bbox 1080 4039 1308 4114; x_wconf 89' lang='lat' dir='ltr'><strong>Plura</strong></span> <span class='ocrx_word' id='word_1_232' title='bbox 1356 4037 1669 4136; x_wconf 87' lang='lat' dir='ltr'><strong>denique</strong></span> <span class='ocrx_word' id='word_1_233' title='bbox 1716 4039 1792 4113; x_wconf 84' lang='lat' dir='ltr'><strong>in</strong></span> <span class='ocrx_word' id='word_1_234' title='bbox 1841 4035 2059 4113; x_wconf 90' lang='lat' dir='ltr'><strong>rebus</strong></span> <span class='ocrx_word' id='word_1_235' title='bbox 2104 4035 2575 4115; x_wconf 81' lang='lat' dir='ltr'><strong>familiaribus</strong></span> <span class='ocrx_word' id='word_1_236' title='bbox 2624 4063 2670 4114; x_wconf 88' lang='lat' dir='ltr'><strong>a</strong></span> <span class='ocrx_word' id='word_1_237' title='bbox 2718 4037 3263 4137; x_wconf 84' lang='lat' dir='ltr'><strong>legislatoribus</strong></span> <span class='ocrx_word' id='word_1_238' title='bbox 3315 4036 3625 4114; x_wconf 84' lang='lat' dir='ltr'><strong>Gallicis</strong></span> <span class='ocrx_word' id='word_1_239' title='bbox 3676 4025 3903 4139; x_wconf 84' lang='lat' dir='ltr'><strong>opere</strong></span> <span class='ocrx_word' id='word_1_240' title='bbox 3953 4038 4160 4136; x_wconf 86' lang='lat' dir='ltr'><strong>quasi</strong></span> <span class='ocrx_word' id='word_1_241' title='bbox 4191 4008 4238 4139; x_wconf 33' lang='lat'><strong>‚-</strong></span> 
     </span>
     <span class='ocr_line' id='line_1_25' title="bbox 742 4163 4165 4287; baseline 0 -35"><span class='ocrx_word' id='word_1_242' title='bbox 742 4163 1258 4280; x_wconf 83' lang='lat' dir='ltr'><strong>philosophico</strong></span> <span class='ocrx_word' id='word_1_243' title='bbox 1310 4186 1766 4275; x_wconf 87' lang='lat' dir='ltr'><strong>constructa,</strong></span> <span class='ocrx_word' id='word_1_244' title='bbox 1839 4201 2075 4287; x_wconf 83' lang='lat' dir='ltr'><strong>neque</strong></span> <span class='ocrx_word' id='word_1_245' title='bbox 2121 4177 2397 4280; x_wconf 91' lang='lat' dir='ltr'><strong>populo</strong></span> <span class='ocrx_word' id='word_1_246' title='bbox 2451 4180 2590 4278; x_wconf 91' lang='lat' dir='ltr'><strong>ipsi</strong></span> <span class='ocrx_word' id='word_1_247' title='bbox 2640 4200 2876 4276; x_wconf 86' lang='lat' dir='ltr'><strong>neque</strong></span> <span class='ocrx_word' id='word_1_248' title='bbox 2926 4177 3171 4254; x_wconf 89' lang='lat' dir='ltr'><strong>doctis</strong></span> <span class='ocrx_word' id='word_1_249' title='bbox 3237 4178 3622 4254; x_wconf 85' lang='lat' dir='ltr'><strong>sufficiunt.</strong></span> <span class='ocrx_word' id='word_1_250' title='bbox 3723 4177 3971 4253; x_wconf 83' lang='lat' dir='ltr'><strong>Patria</strong></span> <span class='ocrx_word' id='word_1_251' title='bbox 4019 4198 4165 4279; x_wconf 88' lang='lat' dir='ltr'><strong>po-</strong></span> 
     </span>
     <span class='ocr_line' id='line_1_26' title="bbox 743 4314 4171 4418; baseline 0.001 -29"><span class='ocrx_word' id='word_1_252' title='bbox 743 4324 970 4392; x_wconf 85' lang='lat' dir='ltr'><strong>testas</strong></span> <span class='ocrx_word' id='word_1_253' title='bbox 1022 4343 1181 4395; x_wconf 89' lang='lat' dir='ltr'><strong>cum</strong></span> <span class='ocrx_word' id='word_1_254' title='bbox 1225 4322 1395 4418; x_wconf 86' lang='lat' dir='ltr'><strong>jure</strong></span> <span class='ocrx_word' id='word_1_255' title='bbox 1442 4317 1735 4418; x_wconf 89' lang='lat' dir='ltr'><strong>publico</strong></span> <span class='ocrx_word' id='word_1_256' title='bbox 1789 4340 1934 4394; x_wconf 92' lang='lat' dir='ltr'><strong>non</strong></span> <span class='ocrx_word' id='word_1_257' title='bbox 1986 4318 2367 4414; x_wconf 86' lang='lat' dir='ltr'><strong>cohaeret,</strong></span> <span class='ocrx_word' id='word_1_258' title='bbox 2422 4318 2629 4392; x_wconf 86' lang='lat' dir='ltr'><strong>annis</strong></span> <span class='ocrx_word' id='word_1_259' title='bbox 2677 4325 2947 4392; x_wconf 88' lang='lat' dir='ltr'><strong>tantum</strong></span> <span class='ocrx_word' id='word_1_260' title='bbox 2992 4317 3270 4412; x_wconf 90' lang='lat' dir='ltr'><strong>finitur,</strong></span> <span class='ocrx_word' id='word_1_261' title='bbox 3324 4325 3399 4393; x_wconf 90' lang='lat' dir='ltr'><strong>et</strong></span> <span class='ocrx_word' id='word_1_262' title='bbox 3447 4315 3615 4392; x_wconf 87' lang='lat' dir='ltr'><strong>dum</strong></span> <span class='ocrx_word' id='word_1_263' title='bbox 3664 4315 3916 4412; x_wconf 90' lang='lat' dir='ltr'><strong>durat,</strong></span> <span class='ocrx_word' id='word_1_264' title='bbox 3967 4314 4171 4393; x_wconf 79' lang='lat' dir='ltr'><strong>nulla</strong></span> 
     </span>
     <span class='ocr_line' id='line_1_27' title="bbox 742 4452 4158 4565; baseline -0 -35"><span class='ocrx_word' id='word_1_265' title='bbox 742 4459 906 4530; x_wconf 71' lang='lat' dir='ltr'><strong>este</strong></span> <span class='ocrx_word' id='word_1_266' title='bbox 971 4455 1271 4556; x_wconf 86' lang='lat' dir='ltr'><strong>adoptio</strong></span> <span class='ocrx_word' id='word_1_267' title='bbox 1327 4459 1531 4554; x_wconf 87' lang='lat' dir='ltr'><strong>quasi</strong></span> <span class='ocrx_word' id='word_1_268' title='bbox 1580 4465 1966 4534; x_wconf 87' lang='lat' dir='ltr'><strong>monstrum</strong></span> <span class='ocrx_word' id='word_1_269' title='bbox 2021 4461 2235 4557; x_wconf 90' lang='lat' dir='ltr'><strong>juris.</strong></span> <span class='ocrx_word' id='word_1_270' title='bbox 2331 4457 2420 4532; x_wconf 89' lang='lat' dir='ltr'><strong>In</strong></span> <span class='ocrx_word' id='word_1_271' title='bbox 2470 4457 2713 4533; x_wconf 83' lang='lat' dir='ltr'><strong>tutelis</strong></span> <span class='ocrx_word' id='word_1_272' title='bbox 2783 4457 3165 4565; x_wconf 82' lang='lat' dir='ltr'><strong>consilium</strong></span> <span class='ocrx_word' id='word_1_273' title='bbox 3225 4456 3698 4534; x_wconf 89' lang='lat' dir='ltr'><strong>domesticum</strong></span> <span class='ocrx_word' id='word_1_274' title='bbox 3760 4456 3891 4534; x_wconf 83' lang='lat' dir='ltr'><strong>vel</strong></span> <span class='ocrx_word' id='word_1_275' title='bbox 3946 4452 4158 4555; x_wconf 85' lang='lat' dir='ltr'><strong>judi-</strong></span> 
     </span>
     <span class='ocr_line' id='line_1_28' title="bbox 749 4589 4170 4696; baseline 0.001 -30"><span class='ocrx_word' id='word_1_276' title='bbox 749 4593 938 4666; x_wconf 88' lang='lat' dir='ltr'><strong>cium</strong></span> <span class='ocrx_word' id='word_1_277' title='bbox 989 4589 1459 4671; x_wconf 87' lang='lat' dir='ltr'><strong>domesticum</strong></span> <span class='ocrx_word' id='word_1_278' title='bbox 1507 4621 1655 4674; x_wconf 93' lang='lat' dir='ltr'><strong>non</strong></span> <span class='ocrx_word' id='word_1_279' title='bbox 1705 4600 1807 4674; x_wconf 89' lang='lat' dir='ltr'><strong>ita</strong></span> <span class='ocrx_word' id='word_1_280' title='bbox 1855 4596 2280 4693; x_wconf 83' lang='lat' dir='ltr'><strong>adhibetur,</strong></span> <span class='ocrx_word' id='word_1_281' title='bbox 2316 4603 2397 4673; x_wconf 88' lang='lat' dir='ltr'><strong>ut</strong></span> <span class='ocrx_word' id='word_1_282' title='bbox 2429 4594 2730 4696; x_wconf 83' lang='lat' dir='ltr'><strong>pupillis</strong></span> <span class='ocrx_word' id='word_1_283' title='bbox 2779 4601 2854 4670; x_wconf 82' lang='lat' dir='ltr'><strong>et</strong></span> <span class='ocrx_word' id='word_1_284' title='bbox 2885 4593 3228 4671; x_wconf 82' lang='lat' dir='ltr'><strong>curandis</strong></span> <span class='ocrx_word' id='word_1_285' title='bbox 3271 4598 3371 4670; x_wconf 87' lang='lat' dir='ltr'><strong>sit</strong></span> <span class='ocrx_word' id='word_1_286' title='bbox 3415 4595 3727 4691; x_wconf 86' lang='lat' dir='ltr'><strong>solatio,</strong></span> <span class='ocrx_word' id='word_1_287' title='bbox 3779 4611 4170 4691; x_wconf 77' lang='lat' dir='ltr'><strong>eorumque</strong></span> 
     </span>
     <span class='ocr_line' id='line_1_29' title="bbox 738 4732 1546 4830; baseline 0.004 -23"><span class='ocrx_word' id='word_1_288' title='bbox 738 4732 1049 4830; x_wconf 79' lang='lat' dir='ltr'><strong>negotia</strong></span> <span class='ocrx_word' id='word_1_289' title='bbox 1099 4744 1546 4830; x_wconf 81' lang='lat' dir='ltr'><strong>promoveat.</strong></span> 
     </span>
    </p>
   </div>
   <div class='ocr_carea' id='block_1_9' title="bbox 940 4871 4153 4978">
    <p class='ocr_par' dir='ltr' id='par_1_9' title="bbox 940 4871 4153 4978">
     <span class='ocr_line' id='line_1_30' title="bbox 940 4871 4153 4978; baseline 0.001 -30"><span class='ocrx_word' id='word_1_290' title='bbox 940 4871 1106 4951; x_wconf 83' lang='lat' dir='ltr'><strong>Hae</strong></span> <span class='ocrx_word' id='word_1_291' title='bbox 1153 4871 1639 4953; x_wconf 81' lang='lat' dir='ltr'><strong>institutiones</strong></span> <span class='ocrx_word' id='word_1_292' title='bbox 1702 4878 1896 4974; x_wconf 80' lang='lat' dir='ltr'><strong>juris</strong></span> <span class='ocrx_word' id='word_1_293' title='bbox 1948 4876 2221 4956; x_wconf 84' lang='lat' dir='ltr'><strong>Gallici</strong></span> <span class='ocrx_word' id='word_1_294' title='bbox 2270 4876 2650 4956; x_wconf 84' lang='lat' dir='ltr'><strong>Germanis</strong></span> <span class='ocrx_word' id='word_1_295' title='bbox 2697 4875 2918 4978; x_wconf 81' lang='lat' dir='ltr'><strong>plane</strong></span> <span class='ocrx_word' id='word_1_296' title='bbox 2957 4897 3216 4957; x_wconf 83' lang='lat' dir='ltr'><strong>novae</strong></span> <span class='ocrx_word' id='word_1_297' title='bbox 3261 4882 3470 4974; x_wconf 81' lang='lat' dir='ltr'><strong>sunt,</strong></span> <span class='ocrx_word' id='word_1_298' title='bbox 3548 4876 3714 4975; x_wconf 83' lang='lat' dir='ltr'><strong>quia</strong></span> <span class='ocrx_word' id='word_1_299' title='bbox 3767 4876 3941 4975; x_wconf 85' lang='lat' dir='ltr'><strong>jura</strong></span> <span class='ocrx_word' id='word_1_300' title='bbox 3981 4871 4153 4952; x_wconf 75' lang='lat' dir='ltr'><strong>Ro-</strong></span> 
     </span>
    </p>
   </div>
  </div>
 </body>
</html>
