4782 6002
2128 568 2251 653 25

483 818 616 905 ipsi
654 805 1135 903 quodamdo
1175 806 1375 894 culpa
1411 807 1874 892 praematurae
1911 807 2141 874 mortis
2181 812 2295 874 cst
2331 804 2754 894 imputanda,
2817 823 3017 892 quum
3069 821 3160 873 ex
3215 809 3368 891 ejus
3418 807 3687 875 arbitrio
3727 826 3899 895 pen-

488 946 729 1031 deret,
777 960 938 1008 aum
975 938 1274 1005 duellum
1311 935 1483 1004 inire
1522 934 1769 1018 vellet,
1823 952 1913 1002 an
1952 953 2109 1002 non.
2188 937 2359 1006 Tum
2401 953 2552 1004 eam
2594 937 2681 1002 ob
2718 952 2861 1002 rem
2900 951 3120 1023 poena
3160 934 3422 1003 leviore
3463 934 3755 1003 duellum
3792 943 3903 1005 est

490 1070 945 1163 plectendum,
999 1084 1213 1155 qaam
1284 1062 1735 1146 homicidium,
1804 1063 2109 1150 quoniam
2168 1063 2294 1132 boc
2345 1083 2435 1132 ex
2503 1064 3007 1132 detestabiliore
3059 1065 3359 1131 nascitur
3411 1082 3692 1151 causa„
3723 1062 3901 1150 quod

356 1255 367 1266 .
490 1203 676 1274 nulla
722 1197 1092 1265 omme
1144 1191 1591 1261 antecedente
1641 1209 1685 1259 a
1738 1192 1884 1260 viro
1947 1194 2212 1276 abjecto
2252 1193 2609 1280 humilique
2653 1191 2951 1280 praedita
2990 1193 3209 1260 animo
3249 1199 3322 1260 et
3362 1194 3788 1261 constituitur
3823 1201 3899 1262 et

493 1329 879 1412 afficitur,
945 1343 1145 1412 quum
1181 1322 1471 1390 duellum
1511 1322 1893 1389 vehementi
1936 1320 2299 1409 cupiditate
2358 1321 2477 1388 vel
2536 1338 2859 1418 perverso
2919 1320 3116 1388 animi
3163 1325 3341 1388 motu
3360 1363 3382 1406 ,
3442 1327 3904 1391 verumtamen

496 1459 633 1526 hac
678 1455 884 1522 illave
937 1451 1192 1518 ratione
1245 1447 1633 1517 excusando
1699 1450 2074 1537 instigante
2113 1451 2432 1519 committi
2471 1452 2700 1519 solere
2720 1496 2742 1535 ,
2807 1452 3109 1518 omnibus
3150 1455 3434 1521 constat.
3513 1450 3903 1517 Monunnvv

495 1585 536 1650 l.
581 1583 630 1649 1.
668 1602 740 1667 p.
770 1555 890 1648 ἐν.
964 1580 1209 1663 rma,
1263 1578 1369 1645 Lo
1407 1578 1566 1646 duel
1605 1596 1693 1646 en
1744 1580 2261 1667 jurispmdence
2304 1588 2372 1649 et
2419 1599 2506 1649 en
2545 1566 2951 1666 legislation.
3014 1563 3208 1648 Pal-is
3249 1581 3431 1648 188⁰.
3512 1581 3730 1646 Anam
3773 1579 3902 1647 ‹le-

496 1710 708 1782 findit
745 1709 1146 1778 sententiam
1186 1706 1313 1778 Cu.
1353 1706 1838 1792 Bit-munna,
1878 1706 2005 1776 Du·
2024 1708 2216 1793 duel,
2257 1711 2453 1777 Paris
2481 1713 2645 1778 1829
2680 1731 2748 1798 p.
2779 1712 2911 1794 16„
2953 1712 3064 1797 qui
3104 1710 3396 1778 duellum
3435 1713 3901 1778 conserentem

501 1839 777 1925 edon,
837 1855 967 1925 qua
1006 1837 1299 1904 sicarius
1336 1851 1555 1921 poena
1605 1834 1884 1921 dignum
1923 1851 2087 1902 esse
2127 1835 2520 1902 existimare
2557 1825 2839 1903 videtur.
2923 1835 3413 1922 Bauium,
3471 1837 3581 1902 vir
3619 1840 3899 1922 speeta-

497 1968 830 2054 timi-us,
896 1967 1056 2053 quin
1116 1968 1186 2030 in
1243 1980 1473 2030 errore
1532 1966 1881 2049 versetur,
1949 1980 1994 2030 a
2033 1964 2299 2030 nemine
2338 1964 2409 2031 in
2462 1965 2935 2033 dubitationem
2988 1966 3367 2051 vocabitur,
3439 1966 3554 2052 qui
3608 1964 3902 2033 duellum

420 2165 427 2170 ,
499 2097 954 2164 conficientem
976 2140 998 2181 ,
1086 2094 1225 2161 etsi
1278 2090 1742 2160 adversarium
1796 2092 2250 2178 interfecerit,
2333 2094 2515 2160 nulla
2566 2094 2700 2161 nisi
2759 2094 3109 2162 levissima
3164 2094 3369 2161 duelli
3418 2112 3636 2182 poena
3686 2096 3892 2184 plecti

505 2245 713 2317 passe
749 2228 921 2315 apud
964 2227 1251 2295 animum
1290 2226 1713 2313 reputaverit.
1797 2224 1988 2308 Quod
2029 2225 2295 2314 quidem
2333 2226 2445 2314 fit,
2508 2228 2572 2294 si
2616 2226 2765 2314 quis
2803 2242 2968 2292 sese
3009 2221 3432 2291 defendendo
3482 2225 3902 2312 propulsavit

508 2357 679 2425 ictus
718 2354 1131 2440 adversarii,
1186 2356 1298 2442 qui
1334 2354 1559 2421 furore
1597 2357 1792 2424 irave
1831 2359 2147 2444 abreptus
2185 2361 2412 2446 procul
2456 2357 2652 2426 dubio
2696 2376 2844 2425 cum
2882 2358 3314 2441 necavisset,
3375 2358 3507 2424 nisi
3549 2359 3667 2425 tali
3707 2358 3932 2425 modo·

505 2487 707 2555 vitam
742 2504 935 2553 suam
972 2482 1425 2567 defendisset,
1464 2489 1582 2550 aut
1623 2486 1685 2550 si
1723 2504 1904 2570 mors
1945 2488 2223 2555 alterius
2269 2491 2482 2576 partis
2523 2490 2890 2556 subsecuta
2915 2487 3044 2553 soli
3072 2489 3260 2556 casui
3297 2494 3406 2555 est
3432 2488 3897 2556 adtribuenda.

498 2617 870 2684 Historiam
902 2601 1124 2680 'nobis
1177 2613 1858 2684 animadvertentibus
1926 2619 1996 2681 in
2052 2615 2391 2702 plerisque
2451 2617 2652 2680 terris
2690 2633 2948 2702 poenas
2989 2617 3348 2703 graviores
3390 2619 3782 2684 inefficaces
3821 2637 3905 2684 se

507 2744 905 2835 praebuisse
962 2748 1431 2832 cognovimus,
1491 2749 1795 2829 excepta.
1878 2744 2164 2827 Suecia,
2242 2744 2351 2810 ubi
2401 2748 2755 2830 superstes
2815 2722 3074 2830 capitis*
3093 2765 3370 2831 poenam
3412 2745 3710 2830 subibat,
3771 2762 3902 2812 ex-

507 2875 850 2962 clusisque
890 2874 1275 2961 quibusdam
1315 2876 1717 2943 Armenicae
1757 2873 2141 2940 civitatibus
2200 2871 2490 2957 exempli
2531 2871 2756 2958 gratia
2796 2872 3140 2960 Virginis,
3200 2873 3531 2940 Alabama
3570 2880 3641 2941 et
3682 2876 3903 2943 Geor-

501 3008 658 3095 gia,
723 3006 838 3073 ubi
896 3005 1185 3073 duellum
1236 3006 1637 3073 facientibus
1703 3019 2062 3087 eorumque
2117 2999 2532 3087 adjutoribus
2599 3005 2780 3069 tutor
2833 3003 3277 3069 constituitur.
3362 3004 3519 3070 Vid.
3568 2987 3901 3074 Discours

502 3134 829 3224 prononce
903 3131 948 3200 a
1012 3135 1410 3201 l’Audience
1475 3134 1851 3201 solennelle
1918 3132 2007 3199 de
2071 3134 2369 3201 Rentree
2424 3132 2514 3200 du
2555 3132 2938 3200 Novembre
2981 3136 3144 3200 1838
3207 3153 3332 3217 par
3369 3134 3457 3200 Μ.
3500 3135 3583 3202 D.
3623 3137 3902 3223 BonAs,

502 3271 752 3335 avocat
791 3262 1070 3352 general
1110 3263 1268 3350 pres
1308 3264 1375 3330 la
1416 3261 1592 3331 Cour
1633 3262 1868 3347 royale
1908 3260 1996 3327 de
2034 3261 2339 3327 Rennes.

740 3392 997 3477 Quibus
1045 3396 1113 3461 in
1169 3396 1550 3463 civitatibus
1602 3394 1812 3463 hasce
1863 3411 2119 3483 poenas
2172 3394 2525 3461 utilitatem
2564 3394 2919 3481 habuisse,
2987 3399 3060 3462 ut
3100 3410 3376 3480 perraro
3416 3391 3636 3461 adbuc
3676 3393 3904 3463 duella

505 3528 993 3596 committantur
1032 3531 1274 3618 negari
1317 3548 1449 3595 non
1493 3533 1749 3616 potest,
1810 3527 2113 3614 quamvis
2170 3543 2304 3592 una
2358 3525 2483 3591 hac
2523 3542 2599 3592 re
2627 3525 3011 3612 ‘legislator
3053 3525 3454 3593 commoveri
3496 3543 3627 3590 non
3666 3529 3905 3613 posset

503 3656 636 3723 tam
678 3674 939 3745 graves
978 3676 1233 3745 poenas
1274 3657 1600 3741 minitari,
1642 3658 1856 3727 sicubi
1901 3660 2260 3727 levioribus
2300 3659 2537 3744 poenis
2579 3657 2893 3725 adhibitis
2933 3657 3219 3723 eundem
3262 3674 3344 3723 se
3383 3663 3898 3724 consecuturum

507 3801 669 3852 esse
707 3785 901 3854 finem
941 3791 1156 3874 possit
1195 3794 1489 3875 sperare.
1572 3787 1743 3889 T¹.¹¹¹¹
1770 3786 1987 3870 ,iudici
2041 3787 2128 3855 ad
2182 3805 2407 3875 genus
2467 3805 2829 3872 armorum,
2890 3788 3127 3875 quibus
3187 3792 3530 3856 certantes
3583 3790 3690 3855 usi
3743 3793 3904 3857 sunt
3969 3772 3982 3787 ⁴

510 3920 620 3983 est
655 3920 1180 4004 respiciendum,
1246 3937 1481 4004 quum,
1537 3935 1665 4004 quo
1706 3914 2184 4003 periculosiora
2236 3914 2532 3981 existant
2570 3931 2788 4000 arma,
2857 3931 2939 3983 eo
2979 3914 3262 4003 gravior
3299 3917 3771 3984 constituenda
3808 3918 3902 3985 sit

508 4057 752 4129 poena.
830 4042 1049 4132 Quae,
1109 4052 1480 4131 quantaque
1533 4060 1699 4109 vero
1754 4040 1971 4108 cautio
2023 4042 2088 4107 ei
2149 4042 2239 4106 sit
2291 4039 2711 4130 adhibenda,
2772 4064 2972 4132 quum
3010 4064 3229 4133 poena
3267 4065 3387 4133 pro
3430 4047 3639 4114 variis
3681 4065 3900 4113 rerum

509 4168 993 4239 conditionibus
1032 4173 1226 4239 modo
1265 4173 1541 4263 augeri,
1594 4168 1786 4237 modo
1827 4169 2032 4235 minui
2069 4168 2319 4255 possit,
2386 4166 2611 4234 nullus
2651 4171 2918 4260 ignoro.
2998 4170 3217 4239 Sicuti
3257 4173 3430 4239 enim
3468 4171 3645 4259 apud
3688 4170 3899 4237 duces

506 4302 785 4371 militum
824 4322 1005 4370 more
1045 4305 1260 4393 ‘aliquo
1303 4308 1644 4391 receptum
1684 4306 1845 4384 est,
1904 4304 1977 4367 ut
2017 4302 2204 4365 certa
2266 4283 2508 4383 injuria
2548 4304 2829 4386 accepta
2868 4301 3076 4366 certis
3116 4298 3500 4367 ulciscenda
3539 4301 3631 4365 sit
3669 4299 3898 4382 armis,

505 4432 613 4498 sic
648 4432 1021 4500 litterarum
1060 4435 1346 4502 studiosi
1385 4435 1766 4521 plerumque
1823 4431 1911 4500 iis
1971 4431 2172 4498 armis
2224 4434 2528 4517 utuntur,
2599 4448 2774 4519 quae
2833 4431 2900 4495 in
2967 4429 3407 4495 universitate
3455 4431 3524 4494 in
3567 4446 3695 4515 qua
3733 4447 3899 4496 ver-

510 4572 777 4655 santur,
820 4574 980 4635 sunt
1022 4570 1303 4661 usitata3
1350 4585 1476 4654 quo
1518 4568 1784 4654 quidem
1824 4564 1934 4651 fit,
1973 4568 2046 4631 ut
2087 4566 2457 4652 quicunque
2499 4563 2703 4630 armis
2742 4557 2954 4625 semel
2996 4560 3340 4625 consuetis
3381 4560 3511 4635 etsi
3556 4561 3902 4643 graviori-

508 4692 634 4762 bus
678 4698 1137 4783 contenderit,
1191 4700 1510 4784 graviore
1547 4715 1766 4785 poena
1804 4718 1936 4766 non
1976 4697 2065 4764 sit
2104 4693 2523 4785 plectendus.
2606 4690 2799 4777 Quod
2840 4693 2903 4759 si
2943 4709 3113 4760 vero
3142 4691 3357 4779 judex
3397 4692 3609 4760 virum
3649 4695 3900 4762 malitia

512 4825 701 4896 irave
745 4825 1048 4913 ductum,
1111 4844 1246 4895 non
1295 4828 1609 4917 opinione
1667 4827 2125 4913 praejudicata
2167 4821 2639 4913 quodammodo
2679 4827 2980 4893 coactum
3020 4821 3466 4993 in4eligendis
3506 4821 3901 4910 periculosi-
