<?xml version="1.0" encoding="UTF-8"?>
<!DOCTYPE html PUBLIC "-//W3C//DTD XHTML 1.0 Transitional//EN"
    "http://www.w3.org/TR/xhtml1/DTD/xhtml1-transitional.dtd">
<html xmlns="http://www.w3.org/1999/xhtml" xml:lang="en" lang="en">
 <head>
  <title>
</title>
<meta http-equiv="Content-Type" content="text/html;charset=utf-8" />
  <meta name='ocr-system' content='tesseract 3.04.00' />
  <meta name='ocr-capabilities' content='ocr_page ocr_carea ocr_par ocr_line ocrx_word'/>
</head>
<body>
  <div class='ocr_page' id='page_1' title='image "./diesinterpellat00beckgoog_0118.png"; bbox 0 0 4782 6002; ppageno 0'>
   <div class='ocr_carea' id='block_1_1' title="bbox 977 297 1098 386">
    <p class='ocr_par' dir='ltr' id='par_1_1' title="bbox 977 297 1098 386">
     <span class='ocr_line' id='line_1_1' title="bbox 977 297 1098 386; baseline -0.017 0"><span class='ocrx_word' id='word_1_1' title='bbox 977 297 1098 386; x_wconf 65' lang='lat'><strong>12</strong></span> 
     </span>
    </p>
   </div>
   <div class='ocr_carea' id='block_1_2' title="bbox 959 490 4452 1816">
    <p class='ocr_par' dir='ltr' id='par_1_2' title="bbox 959 490 4452 1575">
     <span class='ocr_line' id='line_1_2' title="bbox 959 490 4408 594; baseline -0.001 -21"><span class='ocrx_word' id='word_1_2' title='bbox 959 506 1272 577; x_wconf 72' lang='lat' dir='ltr'><strong>statumx</strong></span> <span class='ocrx_word' id='word_1_3' title='bbox 1325 515 1514 594; x_wconf 82' lang='lat' dir='ltr'><strong>quae</strong></span> <span class='ocrx_word' id='word_1_4' title='bbox 1556 517 1785 577; x_wconf 70' lang='lat' dir='ltr'><strong>causa</strong></span> <span class='ocrx_word' id='word_1_5' title='bbox 1829 495 2239 590; x_wconf 74' lang='lat' dir='ltr'><strong>longiorem</strong></span> <span class='ocrx_word' id='word_1_6' title='bbox 2288 492 2663 569; x_wconf 82' lang='lat' dir='ltr'><strong>literarum</strong></span> <span class='ocrx_word' id='word_1_7' title='bbox 2716 510 3025 568; x_wconf 81' lang='lat' dir='ltr'><strong>mearum</strong></span> <span class='ocrx_word' id='word_1_8' title='bbox 3077 493 3547 591; x_wconf 74' lang='lat' dir='ltr'><strong>scriptionem</strong></span> <span class='ocrx_word' id='word_1_9' title='bbox 3596 490 3966 590; x_wconf 76' lang='lat' dir='ltr'><strong>impediet.</strong></span> <span class='ocrx_word' id='word_1_10' title='bbox 4072 492 4408 571; x_wconf 78' lang='lat' dir='ltr'><strong>&#39;rantum</strong></span> 
     </span>
     <span class='ocr_line' id='line_1_3' title="bbox 962 607 4415 717; baseline -0.002 -17"><span class='ocrx_word' id='word_1_11' title='bbox 962 621 1239 716; x_wconf 69' lang='lat' dir='ltr'><strong>dicun,</strong></span> <span class='ocrx_word' id='word_1_12' title='bbox 1313 622 1379 701; x_wconf 81' lang='lat' dir='ltr'><strong>sl</strong></span> <span class='ocrx_word' id='word_1_13' title='bbox 1429 639 1740 717; x_wconf 77' lang='lat' dir='ltr'><strong>unquam</strong></span> <span class='ocrx_word' id='word_1_14' title='bbox 1789 617 1879 695; x_wconf 83' lang='lat' dir='ltr'><strong>G.</strong></span> <span class='ocrx_word' id='word_1_15' title='bbox 1935 615 2034 690; x_wconf 89' lang='lat' dir='ltr'><strong>V.</strong></span> <span class='ocrx_word' id='word_1_16' title='bbox 2105 618 2452 694; x_wconf 82' lang='lat' dir='ltr'><strong>miserata</strong></span> <span class='ocrx_word' id='word_1_17' title='bbox 2502 621 2617 689; x_wconf 82' lang='lat' dir='ltr'><strong>est</strong></span> <span class='ocrx_word' id='word_1_18' title='bbox 2680 607 3144 694; x_wconf 72' lang='lat' dir='ltr'><strong>christianam</strong></span> <span class='ocrx_word' id='word_1_19' title='bbox 3213 613 3500 713; x_wconf 83' lang='lat' dir='ltr'><strong>plebem</strong></span> <span class='ocrx_word' id='word_1_20' title='bbox 3565 612 3907 691; x_wconf 83' lang='lat' dir='ltr'><strong>afflictam</strong></span> <span class='ocrx_word' id='word_1_21' title='bbox 3971 616 4069 691; x_wconf 89' lang='lat' dir='ltr'><strong>ob</strong></span> <span class='ocrx_word' id='word_1_22' title='bbox 4139 642 4415 693; x_wconf 87' lang='lat' dir='ltr'><strong>veram</strong></span> 
     </span>
     <span class='ocr_line' id='line_1_4' title="bbox 962 733 4416 838; baseline 0 -21"><span class='ocrx_word' id='word_1_23' title='bbox 962 746 1501 823; x_wconf 67' lang='lat' dir='ltr'><strong>invocationem</strong></span> <span class='ocrx_word' id='word_1_24' title='bbox 1552 740 1784 820; x_wconf 77' lang='lat' dir='ltr'><strong>divini</strong></span> <span class='ocrx_word' id='word_1_25' title='bbox 1835 740 2186 831; x_wconf 87' lang='lat' dir='ltr'><strong>nominis,</strong></span> <span class='ocrx_word' id='word_1_26' title='bbox 2259 741 2322 812; x_wconf 91' lang='lat' dir='ltr'><strong>si</strong></span> <span class='ocrx_word' id='word_1_27' title='bbox 2375 761 2683 834; x_wconf 83' lang='lat' dir='ltr'><strong>unquam</strong></span> <span class='ocrx_word' id='word_1_28' title='bbox 2747 736 3002 823; x_wconf 81' lang='lat' dir='ltr'><strong>eadem</strong></span> <span class='ocrx_word' id='word_1_29' title='bbox 3055 733 3444 815; x_wconf 83' lang='lat' dir='ltr'><strong>Celsitudo</strong></span> <span class='ocrx_word' id='word_1_30' title='bbox 3512 741 3717 838; x_wconf 90' lang='lat' dir='ltr'><strong>cupit</strong></span> <span class='ocrx_word' id='word_1_31' title='bbox 3780 735 4008 815; x_wconf 89' lang='lat' dir='ltr'><strong>edere</strong></span> <span class='ocrx_word' id='word_1_32' title='bbox 4062 745 4416 817; x_wconf 87' lang='lat' dir='ltr'><strong>testimo-</strong></span> 
     </span>
     <span class='ocr_line' id='line_1_5' title="bbox 960 860 4416 975; baseline -0.001 -35"><span class='ocrx_word' id='word_1_33' title='bbox 960 871 1145 940; x_wconf 84' lang='grc' dir='ltr'><strong>ιιίιιιιι</strong></span> <span class='ocrx_word' id='word_1_34' title='bbox 1212 887 1393 945; x_wconf 75' lang='lat' dir='ltr'><strong>suae</strong></span> <span class='ocrx_word' id='word_1_35' title='bbox 1464 880 1649 959; x_wconf 76' lang='lat' dir='ltr'><strong>erge</strong></span> <span class='ocrx_word' id='word_1_36' title='bbox 1698 862 1837 940; x_wconf 86' lang='lat' dir='ltr'><strong>hos</strong></span> <span class='ocrx_word' id='word_1_37' title='bbox 1889 861 2434 940; x_wconf 84' lang='lat' dir='ltr'><strong>Illustrissimos</strong></span> <span class='ocrx_word' id='word_1_38' title='bbox 2485 860 2874 960; x_wconf 82' lang='lat' dir='ltr'><strong>Principes</strong></span> <span class='ocrx_word' id='word_1_39' title='bbox 2925 883 3017 936; x_wconf 85' lang='lat' dir='ltr'><strong>ac</strong></span> <span class='ocrx_word' id='word_1_40' title='bbox 3066 882 3425 959; x_wconf 76' lang='lat' dir='ltr'><strong>proceres</strong></span> <span class='ocrx_word' id='word_1_41' title='bbox 3487 860 4104 975; x_wconf 57' lang='lat' dir='ltr'><strong>benevolentiae,</strong></span> <span class='ocrx_word' id='word_1_42' title='bbox 4176 875 4260 939; x_wconf 87' lang='lat' dir='ltr'><strong>ut</strong></span> <span class='ocrx_word' id='word_1_43' title='bbox 4333 868 4416 937; x_wconf 90' lang='lat' dir='ltr'><strong>in</strong></span> 
     </span>
     <span class='ocr_line' id='line_1_6' title="bbox 961 980 4415 1088; baseline 0 -27"><span class='ocrx_word' id='word_1_44' title='bbox 961 991 1384 1088; x_wconf 85' lang='lat' dir='ltr'><strong>praesentia</strong></span> <span class='ocrx_word' id='word_1_45' title='bbox 1434 984 1511 1059; x_wconf 89' lang='lat' dir='ltr'><strong>id</strong></span> <span class='ocrx_word' id='word_1_46' title='bbox 1558 986 1830 1075; x_wconf 86' lang='lat' dir='ltr'><strong>faciat,</strong></span> <span class='ocrx_word' id='word_1_47' title='bbox 1909 992 1989 1058; x_wconf 90' lang='lat' dir='ltr'><strong>et</strong></span> <span class='ocrx_word' id='word_1_48' title='bbox 2037 988 2264 1082; x_wconf 90' lang='lat' dir='ltr'><strong>primo</strong></span> <span class='ocrx_word' id='word_1_49' title='bbox 2316 1005 2604 1081; x_wconf 87' lang='lat' dir='ltr'><strong>qnoque</strong></span> <span class='ocrx_word' id='word_1_50' title='bbox 2653 991 2985 1081; x_wconf 81' lang='lat' dir='ltr'><strong>tempore</strong></span> <span class='ocrx_word' id='word_1_51' title='bbox 3039 982 3558 1058; x_wconf 85' lang='lat' dir='ltr'><strong>demonstretis</strong></span> <span class='ocrx_word' id='word_1_52' title='bbox 3623 980 3793 1080; x_wconf 88' lang='lat' dir='ltr'><strong>quid</strong></span> <span class='ocrx_word' id='word_1_53' title='bbox 3845 1009 3889 1056; x_wconf 87' lang='lat' dir='ltr'><strong>a</strong></span> <span class='ocrx_word' id='word_1_54' title='bbox 3941 985 4160 1060; x_wconf 85' lang='lat' dir='ltr'><strong>vobis</strong></span> <span class='ocrx_word' id='word_1_55' title='bbox 4209 986 4415 1061; x_wconf 90' lang='lat' dir='ltr'><strong>Illu-</strong></span> 
     </span>
     <span class='ocr_line' id='line_1_7' title="bbox 959 1101 4452 1206; baseline -0.001 -21"><span class='ocrx_word' id='word_1_56' title='bbox 959 1113 1333 1185; x_wconf 85' lang='lat' dir='ltr'><strong>strissimis</strong></span> <span class='ocrx_word' id='word_1_57' title='bbox 1386 1108 1853 1206; x_wconf 78' lang='lat' dir='ltr'><strong>Principibus</strong></span> <span class='ocrx_word' id='word_1_58' title='bbox 1900 1101 2206 1179; x_wconf 82' lang='lat' dir='ltr'><strong>subsidii</strong></span> <span class='ocrx_word' id='word_1_59' title='bbox 2241 1114 2462 1202; x_wconf 85' lang='lat' dir='ltr'><strong>atque</strong></span> <span class='ocrx_word' id='word_1_60' title='bbox 2503 1104 2902 1203; x_wconf 85' lang='lat' dir='ltr'><strong>adjumenti</strong></span> <span class='ocrx_word' id='word_1_61' title='bbox 2958 1106 3295 1180; x_wconf 82' lang='lat' dir='ltr'><strong>obtinere</strong></span> <span class='ocrx_word' id='word_1_62' title='bbox 3343 1108 3727 1203; x_wconf 89' lang='lat' dir='ltr'><strong>possimus.</strong></span> <span class='ocrx_word' id='word_1_63' title='bbox 3828 1106 3934 1181; x_wconf 84' lang='lat' dir='ltr'><strong>Et</strong></span> <span class='ocrx_word' id='word_1_64' title='bbox 3985 1112 4153 1203; x_wconf 89' lang='lat' dir='ltr'><strong>quia</strong></span> <span class='ocrx_word' id='word_1_65' title='bbox 4203 1107 4452 1183; x_wconf 74' lang='lat' dir='ltr'><strong>idem·</strong></span> 
     </span>
     <span class='ocr_line' id='line_1_8' title="bbox 960 1225 4413 1329; baseline -0.003 -16"><span class='ocrx_word' id='word_1_66' title='bbox 960 1233 1082 1313; x_wconf 78' lang='lat' dir='ltr'><strong>hic</strong></span> <span class='ocrx_word' id='word_1_67' title='bbox 1132 1232 1399 1313; x_wconf 81' lang='lat' dir='ltr'><strong>nobilis</strong></span> <span class='ocrx_word' id='word_1_68' title='bbox 1452 1233 1689 1308; x_wconf 82' lang='lat' dir='ltr'><strong>omnia</strong></span> <span class='ocrx_word' id='word_1_69' title='bbox 1731 1226 2097 1302; x_wconf 80' lang='lat' dir='ltr'><strong>subtiliter</strong></span> <span class='ocrx_word' id='word_1_70' title='bbox 2144 1231 2423 1327; x_wconf 88' lang='lat' dir='ltr'><strong>poterit</strong></span> <span class='ocrx_word' id='word_1_71' title='bbox 2473 1228 3021 1303; x_wconf 88' lang='lat' dir='ltr'><strong>Illustrissimae</strong></span> <span class='ocrx_word' id='word_1_72' title='bbox 3073 1226 3163 1302; x_wconf 72' lang='lat'><strong>(3.</strong></span> <span class='ocrx_word' id='word_1_73' title='bbox 3210 1225 3310 1302; x_wconf 85' lang='lat' dir='ltr'><strong>V.</strong></span> <span class='ocrx_word' id='word_1_74' title='bbox 3365 1251 3745 1327; x_wconf 81' lang='lat' dir='ltr'><strong>exponere</strong></span> <span class='ocrx_word' id='word_1_75' title='bbox 3797 1238 4201 1329; x_wconf 88' lang='lat' dir='ltr'><strong>propterea</strong></span> <span class='ocrx_word' id='word_1_76' title='bbox 4250 1254 4413 1306; x_wconf 89' lang='lat' dir='ltr'><strong>non</strong></span> 
     </span>
     <span class='ocr_line' id='line_1_9' title="bbox 960 1344 4412 1451; baseline 0 -22"><span class='ocrx_word' id='word_1_77' title='bbox 960 1354 1345 1451; x_wconf 75' lang='lat' dir='ltr'><strong>longiores</strong></span> <span class='ocrx_word' id='word_1_78' title='bbox 1390 1354 1647 1432; x_wconf 81' lang='lat' dir='ltr'><strong>literas</strong></span> <span class='ocrx_word' id='word_1_79' title='bbox 1699 1350 2196 1437; x_wconf 79' lang='lat' dir='ltr'><strong>conscribam,</strong></span> <span class='ocrx_word' id='word_1_80' title='bbox 2273 1348 2411 1425; x_wconf 84' lang='lat' dir='ltr'><strong>sed</strong></span> <span class='ocrx_word' id='word_1_81' title='bbox 2457 1348 2687 1424; x_wconf 88' lang='lat' dir='ltr'><strong>orabo</strong></span> <span class='ocrx_word' id='word_1_82' title='bbox 2743 1345 2834 1423; x_wconf 87' lang='lat' dir='ltr'><strong>C.</strong></span> <span class='ocrx_word' id='word_1_83' title='bbox 2888 1349 2986 1423; x_wconf 90' lang='lat' dir='ltr'><strong>V.</strong></span> <span class='ocrx_word' id='word_1_84' title='bbox 3041 1360 3118 1429; x_wconf 86' lang='lat' dir='ltr'><strong>ut</strong></span> <span class='ocrx_word' id='word_1_85' title='bbox 3169 1350 3239 1424; x_wconf 93' lang='lat' dir='ltr'><strong>ei</strong></span> <span class='ocrx_word' id='word_1_86' title='bbox 3288 1344 3507 1425; x_wconf 86' lang='lat' dir='ltr'><strong>fidem</strong></span> <span class='ocrx_word' id='word_1_87' title='bbox 3557 1349 3869 1446; x_wconf 85' lang='lat' dir='ltr'><strong>habeat,</strong></span> <span class='ocrx_word' id='word_1_88' title='bbox 3926 1351 4412 1449; x_wconf 89' lang='lat' dir='ltr'><strong>quemadmo-</strong></span> 
     </span>
     <span class='ocr_line' id='line_1_10' title="bbox 963 1470 4256 1575; baseline -0.002 -19"><span class='ocrx_word' id='word_1_89' title='bbox 963 1474 1130 1556; x_wconf 80' lang='lat' dir='ltr'><strong>dum</strong></span> <span class='ocrx_word' id='word_1_90' title='bbox 1181 1497 1532 1575; x_wconf 85' lang='lat' dir='ltr'><strong>proceres</strong></span> <span class='ocrx_word' id='word_1_91' title='bbox 1584 1479 1858 1565; x_wconf 85' lang='lat' dir='ltr'><strong>nostri,</strong></span> <span class='ocrx_word' id='word_1_92' title='bbox 1911 1475 2032 1570; x_wconf 87' lang='lat' dir='ltr'><strong>qui</strong></span> <span class='ocrx_word' id='word_1_93' title='bbox 2082 1470 2171 1550; x_wconf 81' lang='lat' dir='ltr'><strong>O.</strong></span> <span class='ocrx_word' id='word_1_94' title='bbox 2225 1472 2324 1544; x_wconf 89' lang='lat' dir='ltr'><strong>V.</strong></span> <span class='ocrx_word' id='word_1_95' title='bbox 2375 1471 2850 1547; x_wconf 88' lang='lat' dir='ltr'><strong>vehementer</strong></span> <span class='ocrx_word' id='word_1_96' title='bbox 2900 1471 3311 1563; x_wconf 87' lang='lat' dir='ltr'><strong>confidunt,</strong></span> <span class='ocrx_word' id='word_1_97' title='bbox 3364 1476 3516 1546; x_wconf 87' lang='lat' dir='ltr'><strong>suis</strong></span> <span class='ocrx_word' id='word_1_98' title='bbox 3566 1472 3806 1549; x_wconf 85' lang='lat' dir='ltr'><strong>literis</strong></span> <span class='ocrx_word' id='word_1_99' title='bbox 3859 1476 4256 1575; x_wconf 83' lang='lat' dir='ltr'><strong>postulant.</strong></span> 
     </span>
    </p>

    <p class='ocr_par' dir='ltr' id='par_1_3' title="bbox 962 1593 4410 1816">
     <span class='ocr_line' id='line_1_11' title="bbox 1156 1593 4410 1696; baseline -0.001 -22"><span class='ocrx_word' id='word_1_100' title='bbox 1156 1598 1657 1679; x_wconf 84' lang='lat' dir='ltr'><strong>Illustrissime</strong></span> <span class='ocrx_word' id='word_1_101' title='bbox 1687 1595 2044 1694; x_wconf 86' lang='lat' dir='ltr'><strong>Princeps</strong></span> <span class='ocrx_word' id='word_1_102' title='bbox 2094 1594 2272 1671; x_wconf 85' lang='lat' dir='ltr'><strong>vale</strong></span> <span class='ocrx_word' id='word_1_103' title='bbox 2323 1603 2402 1669; x_wconf 91' lang='lat' dir='ltr'><strong>et</strong></span> <span class='ocrx_word' id='word_1_104' title='bbox 2455 1594 2691 1668; x_wconf 88' lang='lat' dir='ltr'><strong>salve.</strong></span> <span class='ocrx_word' id='word_1_105' title='bbox 2794 1594 3003 1668; x_wconf 78' lang='lat' dir='ltr'><strong>Deus</strong></span> <span class='ocrx_word' id='word_1_106' title='bbox 3054 1593 3560 1671; x_wconf 80' lang='lat' dir='ltr'><strong>celsitudinem</strong></span> <span class='ocrx_word' id='word_1_107' title='bbox 3599 1605 3923 1671; x_wconf 86' lang='lat' dir='ltr'><strong>vestram</strong></span> <span class='ocrx_word' id='word_1_108' title='bbox 3972 1622 4178 1696; x_wconf 85' lang='lat' dir='ltr'><strong>quam</strong></span> <span class='ocrx_word' id='word_1_109' title='bbox 4234 1598 4410 1672; x_wconf 90' lang='lat' dir='ltr'><strong>diu-</strong></span> 
     </span>
     <span class='ocr_line' id='line_1_12' title="bbox 962 1716 3308 1816; baseline -0.001 -24"><span class='ocrx_word' id='word_1_110' title='bbox 962 1723 1237 1800; x_wconf 79' lang='lat' dir='ltr'><strong>tissime</strong></span> <span class='ocrx_word' id='word_1_111' title='bbox 1289 1721 1719 1801; x_wconf 81' lang='lat' dir='ltr'><strong>ineolumem</strong></span> <span class='ocrx_word' id='word_1_112' title='bbox 1767 1727 2187 1795; x_wconf 86' lang='lat' dir='ltr'><strong>conservet.</strong></span> <span class='ocrx_word' id='word_1_113' title='bbox 2290 1716 2618 1792; x_wconf 80' lang='lat' dir='ltr'><strong>Aureliis</strong></span> <span class='ocrx_word' id='word_1_114' title='bbox 2667 1719 2738 1789; x_wconf 83' lang='lat'><strong>8.</strong></span> <span class='ocrx_word' id='word_1_115' title='bbox 2791 1716 3035 1816; x_wconf 89' lang='lat' dir='ltr'><strong>April.</strong></span> <span class='ocrx_word' id='word_1_116' title='bbox 3095 1720 3308 1791; x_wconf 72' lang='lat'><strong>1562.</strong></span> 
     </span>
    </p>
   </div>
   <div class='ocr_carea' id='block_1_3' title="bbox 2027 1959 3332 2086">
    <p class='ocr_par' dir='ltr' id='par_1_4' title="bbox 2027 1959 3332 2086">
     <span class='ocr_line' id='line_1_13' title="bbox 2027 1959 3332 2086; baseline -0.002 -48"><span class='ocrx_word' id='word_1_117' title='bbox 2027 1963 2120 2038; x_wconf 89' lang='lat' dir='ltr'><strong>V.</strong></span> <span class='ocrx_word' id='word_1_118' title='bbox 2217 1960 2587 2038; x_wconf 63' lang='lat' dir='ltr'><strong>Danaum</strong></span> <span class='ocrx_word' id='word_1_119' title='bbox 2646 1960 2712 2053; x_wconf 81' lang='lat'><strong>¹)</strong></span> <span class='ocrx_word' id='word_1_120' title='bbox 2757 1959 3068 2086; x_wconf 47' lang='lat' dir='ltr'><strong>Danieli</strong></span> <span class='ocrx_word' id='word_1_121' title='bbox 3117 1960 3207 2040; x_wconf 79' lang='lat' dir='ltr'><strong>S.</strong></span> <span class='ocrx_word' id='word_1_122' title='bbox 3260 1962 3332 2038; x_wconf 80' lang='lat' dir='ltr'><strong>d.</strong></span> 
     </span>
    </p>
   </div>
   <div class='ocr_carea' id='block_1_4' title="bbox 971 2128 4513 4937">
    <p class='ocr_par' dir='ltr' id='par_1_5' title="bbox 971 2128 4513 4937">
     <span class='ocr_line' id='line_1_14' title="bbox 1172 2128 4510 2232; baseline 0 -23"><span class='ocrx_word' id='word_1_123' title='bbox 1172 2136 1536 2225; x_wconf 78' lang='lat' dir='ltr'><strong>Quantum</strong></span> <span class='ocrx_word' id='word_1_124' title='bbox 1591 2140 1687 2209; x_wconf 84' lang='lat' dir='ltr'><strong>sit</strong></span> <span class='ocrx_word' id='word_1_125' title='bbox 1757 2143 1948 2208; x_wconf 87' lang='lat' dir='ltr'><strong>tuum</strong></span> <span class='ocrx_word' id='word_1_126' title='bbox 2019 2136 2090 2206; x_wconf 86' lang='lat' dir='ltr'><strong>in</strong></span> <span class='ocrx_word' id='word_1_127' title='bbox 2141 2154 2254 2206; x_wconf 92' lang='lat' dir='ltr'><strong>me</strong></span> <span class='ocrx_word' id='word_1_128' title='bbox 2320 2134 2645 2230; x_wconf 83' lang='lat' dir='ltr'><strong>meisque</strong></span> <span class='ocrx_word' id='word_1_129' title='bbox 2698 2131 3043 2212; x_wconf 84' lang='lat' dir='ltr'><strong>ornandis</strong></span> <span class='ocrx_word' id='word_1_130' title='bbox 3108 2129 3421 2206; x_wconf 82' lang='lat' dir='ltr'><strong>studium</strong></span> <span class='ocrx_word' id='word_1_131' title='bbox 3477 2135 3874 2232; x_wconf 86' lang='lat' dir='ltr'><strong>experior,</strong></span> <span class='ocrx_word' id='word_1_132' title='bbox 3950 2135 4043 2207; x_wconf 90' lang='lat' dir='ltr'><strong>mi</strong></span> <span class='ocrx_word' id='word_1_133' title='bbox 4095 2134 4405 2229; x_wconf 84' lang='lat' dir='ltr'><strong>Daniel,</strong></span> <span class='ocrx_word' id='word_1_134' title='bbox 4463 2128 4510 2213; x_wconf 66' lang='grc'><strong>’.</strong></span> 
     </span>
     <span class='ocr_line' id='line_1_15' title="bbox 975 2253 4396 2356; baseline 0 -24"><span class='ocrx_word' id='word_1_135' title='bbox 975 2262 1090 2356; x_wconf 89' lang='lat' dir='ltr'><strong>qui</strong></span> <span class='ocrx_word' id='word_1_136' title='bbox 1144 2281 1285 2333; x_wconf 91' lang='lat' dir='ltr'><strong>nec</strong></span> <span class='ocrx_word' id='word_1_137' title='bbox 1334 2281 1610 2355; x_wconf 83' lang='lat' dir='ltr'><strong>operae</strong></span> <span class='ocrx_word' id='word_1_138' title='bbox 1662 2279 1801 2330; x_wconf 87' lang='lat' dir='ltr'><strong>nec</strong></span> <span class='ocrx_word' id='word_1_139' title='bbox 1850 2256 2087 2330; x_wconf 87' lang='lat' dir='ltr'><strong>labori</strong></span> <span class='ocrx_word' id='word_1_140' title='bbox 2139 2267 2263 2329; x_wconf 88' lang='lat' dir='ltr'><strong>tuo</strong></span> <span class='ocrx_word' id='word_1_141' title='bbox 2313 2279 2619 2354; x_wconf 86' lang='lat' dir='ltr'><strong>parcas,</strong></span> <span class='ocrx_word' id='word_1_142' title='bbox 2696 2277 2839 2352; x_wconf 91' lang='lat' dir='ltr'><strong>quo</strong></span> <span class='ocrx_word' id='word_1_143' title='bbox 2890 2258 3144 2331; x_wconf 86' lang='lat' dir='ltr'><strong>versio</strong></span> <span class='ocrx_word' id='word_1_144' title='bbox 3194 2263 3453 2330; x_wconf 86' lang='lat' dir='ltr'><strong>nostra</strong></span> <span class='ocrx_word' id='word_1_145' title='bbox 3500 2253 3598 2331; x_wconf 86' lang='lat' dir='ltr'><strong>de</strong></span> <span class='ocrx_word' id='word_1_146' title='bbox 3656 2253 4121 2332; x_wconf 74' lang='lat' dir='ltr'><strong>Tertulliano</strong></span> <span class='ocrx_word' id='word_1_147' title='bbox 4171 2258 4396 2335; x_wconf 81' lang='lat' dir='ltr'><strong>nitida</strong></span> 
     </span>
     <span class='ocr_line' id='line_1_16' title="bbox 978 2376 4393 2478; baseline 0.001 -23"><span class='ocrx_word' id='word_1_148' title='bbox 978 2388 1052 2456; x_wconf 90' lang='lat' dir='ltr'><strong>et</strong></span> <span class='ocrx_word' id='word_1_149' title='bbox 1104 2379 1491 2457; x_wconf 79' lang='lat' dir='ltr'><strong>emendata</strong></span> <span class='ocrx_word' id='word_1_150' title='bbox 1541 2382 1612 2452; x_wconf 91' lang='lat' dir='ltr'><strong>in</strong></span> <span class='ocrx_word' id='word_1_151' title='bbox 1668 2379 1937 2476; x_wconf 86' lang='lat' dir='ltr'><strong>vulgus</strong></span> <span class='ocrx_word' id='word_1_152' title='bbox 1987 2381 2199 2454; x_wconf 86' lang='lat' dir='ltr'><strong>exire</strong></span> <span class='ocrx_word' id='word_1_153' title='bbox 2251 2381 2510 2475; x_wconf 84' lang='lat' dir='ltr'><strong>possit.</strong></span> <span class='ocrx_word' id='word_1_154' title='bbox 2612 2377 2734 2454; x_wconf 90' lang='lat' dir='ltr'><strong>Ac</strong></span> <span class='ocrx_word' id='word_1_155' title='bbox 2779 2387 2986 2453; x_wconf 83' lang='lat' dir='ltr'><strong>certe</strong></span> <span class='ocrx_word' id='word_1_156' title='bbox 3038 2382 3103 2451; x_wconf 90' lang='lat' dir='ltr'><strong>is</strong></span> <span class='ocrx_word' id='word_1_157' title='bbox 3153 2376 3448 2454; x_wconf 90' lang='lat' dir='ltr'><strong>libellus</strong></span> <span class='ocrx_word' id='word_1_158' title='bbox 3507 2378 4090 2478; x_wconf 83' lang='lat' dir='ltr'><strong>quandocunque</strong></span> <span class='ocrx_word' id='word_1_159' title='bbox 4135 2404 4393 2458; x_wconf 77' lang='lat' dir='ltr'><strong>nasce-</strong></span> 
     </span>
     <span class='ocr_line' id='line_1_17' title="bbox 971 2495 4405 2602; baseline 0 -25"><span class='ocrx_word' id='word_1_160' title='bbox 971 2515 1091 2578; x_wconf 89' lang='lat' dir='ltr'><strong>tur</strong></span> <span class='ocrx_word' id='word_1_161' title='bbox 1138 2513 1215 2578; x_wconf 89' lang='lat' dir='ltr'><strong>te</strong></span> <span class='ocrx_word' id='word_1_162' title='bbox 1268 2495 1527 2577; x_wconf 75' lang='lat' dir='ltr'><strong>merito</strong></span> <span class='ocrx_word' id='word_1_163' title='bbox 1578 2509 1655 2577; x_wconf 83' lang='lat' dir='ltr'><strong>et</strong></span> <span class='ocrx_word' id='word_1_164' title='bbox 1707 2504 2034 2598; x_wconf 84' lang='lat' dir='ltr'><strong>aequiori</strong></span> <span class='ocrx_word' id='word_1_165' title='bbox 2078 2506 2254 2600; x_wconf 84' lang='lat' dir='ltr'><strong>jure</strong></span> <span class='ocrx_word' id='word_1_166' title='bbox 2306 2511 2682 2600; x_wconf 85' lang='lat' dir='ltr'><strong>parentem</strong></span> <span class='ocrx_word' id='word_1_167' title='bbox 2748 2526 2959 2601; x_wconf 81' lang='lat' dir='ltr'><strong>quam</strong></span> <span class='ocrx_word' id='word_1_168' title='bbox 3010 2524 3124 2577; x_wconf 90' lang='lat' dir='ltr'><strong>me</strong></span> <span class='ocrx_word' id='word_1_169' title='bbox 3172 2503 3404 2602; x_wconf 84' lang='lat' dir='ltr'><strong>ipsum</strong></span> <span class='ocrx_word' id='word_1_170' title='bbox 3454 2511 3864 2599; x_wconf 83' lang='lat' dir='ltr'><strong>agnoscet,</strong></span> <span class='ocrx_word' id='word_1_171' title='bbox 3944 2505 4065 2598; x_wconf 87' lang='lat' dir='ltr'><strong>qui</strong></span> <span class='ocrx_word' id='word_1_172' title='bbox 4132 2510 4405 2578; x_wconf 83' lang='lat' dir='ltr'><strong>tantum</strong></span> 
     </span>
     <span class='ocr_line' id='line_1_18' title="bbox 973 2623 4408 2741; baseline 0 -40"><span class='ocrx_word' id='word_1_173' title='bbox 973 2627 1119 2701; x_wconf 90' lang='lat' dir='ltr'><strong>olei</strong></span> <span class='ocrx_word' id='word_1_174' title='bbox 1172 2634 1251 2703; x_wconf 88' lang='lat' dir='ltr'><strong>et</strong></span> <span class='ocrx_word' id='word_1_175' title='bbox 1304 2649 1580 2741; x_wconf 76' lang='lat' dir='ltr'><strong>operae</strong></span> <span class='ocrx_word' id='word_1_176' title='bbox 1628 2628 1701 2697; x_wconf 83' lang='lat' dir='ltr'><strong>in</strong></span> <span class='ocrx_word' id='word_1_177' title='bbox 1754 2647 1845 2699; x_wconf 91' lang='lat' dir='ltr'><strong>eo</strong></span> <span class='ocrx_word' id='word_1_178' title='bbox 1899 2624 2408 2723; x_wconf 79' lang='lat' dir='ltr'><strong>extergendo,</strong></span> <span class='ocrx_word' id='word_1_179' title='bbox 2456 2623 2806 2724; x_wconf 84' lang='lat' dir='ltr'><strong>poliendo</strong></span> <span class='ocrx_word' id='word_1_180' title='bbox 2858 2623 3339 2726; x_wconf 78' lang='lat' dir='ltr'><strong>fovendoque</strong></span> <span class='ocrx_word' id='word_1_181' title='bbox 3402 2628 3782 2725; x_wconf 88' lang='lat' dir='ltr'><strong>posueris.</strong></span> <span class='ocrx_word' id='word_1_182' title='bbox 3888 2626 3977 2700; x_wconf 84' lang='lat' dir='ltr'><strong>ln</strong></span> <span class='ocrx_word' id='word_1_183' title='bbox 4029 2649 4171 2723; x_wconf 88' lang='lat' dir='ltr'><strong>quo</strong></span> <span class='ocrx_word' id='word_1_184' title='bbox 4234 2626 4408 2701; x_wconf 88' lang='lat' dir='ltr'><strong>mihi</strong></span> 
     </span>
     <span class='ocr_line' id='line_1_19' title="bbox 971 2733 4409 2845; baseline 0.001 -23"><span class='ocrx_word' id='word_1_185' title='bbox 971 2752 1179 2823; x_wconf 80' lang='lat' dir='ltr'><strong>visus</strong></span> <span class='ocrx_word' id='word_1_186' title='bbox 1237 2772 1321 2824; x_wconf 87' lang='lat' dir='ltr'><strong>es</strong></span> <span class='ocrx_word' id='word_1_187' title='bbox 1371 2733 1764 2824; x_wconf 81' lang='lat' dir='ltr'><strong>Socratem</strong></span> <span class='ocrx_word' id='word_1_188' title='bbox 1816 2750 2117 2839; x_wconf 84' lang='lat' dir='ltr'><strong>imitari,</strong></span> <span class='ocrx_word' id='word_1_189' title='bbox 2197 2751 2316 2845; x_wconf 87' lang='lat' dir='ltr'><strong>qui</strong></span> <span class='ocrx_word' id='word_1_190' title='bbox 2367 2769 2631 2844; x_wconf 82' lang='lat' dir='ltr'><strong>magna</strong></span> <span class='ocrx_word' id='word_1_191' title='bbox 2679 2751 2956 2845; x_wconf 87' lang='lat' dir='ltr'><strong>ingenii</strong></span> <span class='ocrx_word' id='word_1_192' title='bbox 3010 2745 3456 2824; x_wconf 86' lang='lat' dir='ltr'><strong>abundantia</strong></span> <span class='ocrx_word' id='word_1_193' title='bbox 3504 2749 3798 2824; x_wconf 87' lang='lat' dir='ltr'><strong>solebat</strong></span> <span class='ocrx_word' id='word_1_194' title='bbox 3848 2749 4061 2824; x_wconf 81' lang='lat' dir='ltr'><strong>velut</strong></span> <span class='ocrx_word' id='word_1_195' title='bbox 4109 2749 4409 2826; x_wconf 83' lang='lat' dir='ltr'><strong>obstre-</strong></span> 
     </span>
     <span class='ocr_line' id='line_1_20' title="bbox 974 2868 4409 2970; baseline 0.001 -23"><span class='ocrx_word' id='word_1_196' title='bbox 974 2875 1125 2947; x_wconf 86' lang='lat' dir='ltr'><strong>trix</strong></span> <span class='ocrx_word' id='word_1_197' title='bbox 1176 2893 1269 2946; x_wconf 85' lang='lat' dir='ltr'><strong>ea</strong></span> <span class='ocrx_word' id='word_1_198' title='bbox 1320 2871 1509 2945; x_wconf 78' lang='lat' dir='ltr'><strong>bene</strong></span> <span class='ocrx_word' id='word_1_199' title='bbox 1563 2870 1790 2945; x_wconf 86' lang='lat' dir='ltr'><strong>edere</strong></span> <span class='ocrx_word' id='word_1_200' title='bbox 1857 2880 1935 2945; x_wconf 86' lang='lat' dir='ltr'><strong>et</strong></span> <span class='ocrx_word' id='word_1_201' title='bbox 1986 2869 2372 2946; x_wconf 86' lang='lat' dir='ltr'><strong>tractando</strong></span> <span class='ocrx_word' id='word_1_202' title='bbox 2439 2868 2897 2969; x_wconf 87' lang='lat' dir='ltr'><strong>producere,</strong></span> <span class='ocrx_word' id='word_1_203' title='bbox 2975 2893 3161 2967; x_wconf 78' lang='lat' dir='ltr'><strong>quae</strong></span> <span class='ocrx_word' id='word_1_204' title='bbox 3223 2874 3360 2970; x_wconf 91' lang='lat' dir='ltr'><strong>ipsi</strong></span> <span class='ocrx_word' id='word_1_205' title='bbox 3414 2880 3668 2970; x_wconf 83' lang='lat' dir='ltr'><strong>patres</strong></span> <span class='ocrx_word' id='word_1_206' title='bbox 3721 2884 3797 2945; x_wconf 89' lang='lat' dir='ltr'><strong>et</strong></span> <span class='ocrx_word' id='word_1_207' title='bbox 3848 2882 4149 2947; x_wconf 84' lang='lat' dir='ltr'><strong>autores</strong></span> <span class='ocrx_word' id='word_1_208' title='bbox 4213 2872 4409 2950; x_wconf 90' lang='lat' dir='ltr'><strong>male</strong></span> 
     </span>
     <span class='ocr_line' id='line_1_21' title="bbox 976 2990 4410 3093; baseline 0 -23"><span class='ocrx_word' id='word_1_209' title='bbox 976 2994 1293 3071; x_wconf 77' lang='lat' dir='ltr'><strong>obscure</strong></span> <span class='ocrx_word' id='word_1_210' title='bbox 1341 2995 1470 3070; x_wconf 82' lang='lat' dir='ltr'><strong>vel</strong></span> <span class='ocrx_word' id='word_1_211' title='bbox 1524 2993 1832 3070; x_wconf 79' lang='lat' dir='ltr'><strong>confuse</strong></span> <span class='ocrx_word' id='word_1_212' title='bbox 1884 3003 2369 3093; x_wconf 79' lang='lat' dir='ltr'><strong>pepererant3</strong></span> <span class='ocrx_word' id='word_1_213' title='bbox 2421 3003 2695 3068; x_wconf 82' lang='lat' dir='ltr'><strong>tantum</strong></span> <span class='ocrx_word' id='word_1_214' title='bbox 2747 3001 2998 3093; x_wconf 79' lang='lat' dir='ltr'><strong>potest</strong></span> <span class='ocrx_word' id='word_1_215' title='bbox 3048 2990 3498 3090; x_wconf 86' lang='lat' dir='ltr'><strong>quorundam</strong></span> <span class='ocrx_word' id='word_1_216' title='bbox 3531 2994 3676 3069; x_wconf 86' lang='lat' dir='ltr'><strong>vel</strong></span> <span class='ocrx_word' id='word_1_217' title='bbox 3721 2994 4121 3072; x_wconf 85' lang='lat' dir='ltr'><strong>artificiosa</strong></span> <span class='ocrx_word' id='word_1_218' title='bbox 4149 3015 4410 3071; x_wconf 81' lang='lat' dir='ltr'><strong>manus</strong></span> 
     </span>
     <span class='ocr_line' id='line_1_22' title="bbox 974 3115 4407 3216; baseline 0 -25"><span class='ocrx_word' id='word_1_219' title='bbox 974 3118 1104 3193; x_wconf 86' lang='lat' dir='ltr'><strong>vel</strong></span> <span class='ocrx_word' id='word_1_220' title='bbox 1152 3141 1390 3216; x_wconf 81' lang='lat' dir='ltr'><strong>sagax</strong></span> <span class='ocrx_word' id='word_1_221' title='bbox 1430 3120 1833 3215; x_wconf 85' lang='lat' dir='ltr'><strong>ingenium,</strong></span> <span class='ocrx_word' id='word_1_222' title='bbox 1886 3127 1965 3191; x_wconf 87' lang='lat' dir='ltr'><strong>ut</strong></span> <span class='ocrx_word' id='word_1_223' title='bbox 2014 3120 2228 3192; x_wconf 86' lang='lat' dir='ltr'><strong>etiam</strong></span> <span class='ocrx_word' id='word_1_224' title='bbox 2281 3116 2666 3192; x_wconf 83' lang='lat' dir='ltr'><strong>abortivos</strong></span> <span class='ocrx_word' id='word_1_225' title='bbox 2706 3119 2979 3214; x_wconf 89' lang='lat' dir='ltr'><strong>ingenii</strong></span> <span class='ocrx_word' id='word_1_226' title='bbox 3014 3116 3319 3191; x_wconf 85' lang='lat' dir='ltr'><strong>aliorum</strong></span> <span class='ocrx_word' id='word_1_227' title='bbox 3367 3115 3653 3190; x_wconf 84' lang='lat' dir='ltr'><strong>fructus</strong></span> <span class='ocrx_word' id='word_1_228' title='bbox 3702 3119 3841 3215; x_wconf 89' lang='lat' dir='ltr'><strong>ipsi</strong></span> <span class='ocrx_word' id='word_1_229' title='bbox 3895 3121 4228 3214; x_wconf 83' lang='lat' dir='ltr'><strong>integros</strong></span> <span class='ocrx_word' id='word_1_230' title='bbox 4281 3117 4407 3191; x_wconf 84' lang='lat' dir='ltr'><strong>fa-</strong></span> 
     </span>
     <span class='ocr_line' id='line_1_23' title="bbox 977 3237 4513 3338; baseline -0.002 -23"><span class='ocrx_word' id='word_1_231' title='bbox 977 3244 1169 3315; x_wconf 88' lang='lat' dir='ltr'><strong>ciant</strong></span> <span class='ocrx_word' id='word_1_232' title='bbox 1200 3243 1440 3331; x_wconf 86' lang='lat' dir='ltr'><strong>uasci,</strong></span> <span class='ocrx_word' id='word_1_233' title='bbox 1495 3241 1729 3338; x_wconf 87' lang='lat' dir='ltr'><strong>qualis</strong></span> <span class='ocrx_word' id='word_1_234' title='bbox 1779 3248 1988 3315; x_wconf 86' lang='lat' dir='ltr'><strong>certe</strong></span> <span class='ocrx_word' id='word_1_235' title='bbox 2037 3243 2098 3313; x_wconf 81' lang='lat' dir='ltr'><strong>is</strong></span> <span class='ocrx_word' id='word_1_236' title='bbox 2151 3247 2309 3315; x_wconf 81' lang='lat' dir='ltr'><strong>erat</strong></span> <span class='ocrx_word' id='word_1_237' title='bbox 2359 3264 2564 3316; x_wconf 87' lang='lat' dir='ltr'><strong>meus</strong></span> <span class='ocrx_word' id='word_1_238' title='bbox 2611 3240 2907 3314; x_wconf 90' lang='lat' dir='ltr'><strong>libellus</strong></span> <span class='ocrx_word' id='word_1_239' title='bbox 2961 3262 3170 3337; x_wconf 89' lang='lat' dir='ltr'><strong>quem</strong></span> <span class='ocrx_word' id='word_1_240' title='bbox 3219 3237 3313 3312; x_wconf 83' lang='lat' dir='ltr'><strong>ad</strong></span> <span class='ocrx_word' id='word_1_241' title='bbox 3365 3246 3442 3314; x_wconf 82' lang='lat' dir='ltr'><strong>te</strong></span> <span class='ocrx_word' id='word_1_242' title='bbox 3492 3241 3685 3329; x_wconf 80' lang='lat' dir='ltr'><strong>misi,</strong></span> <span class='ocrx_word' id='word_1_243' title='bbox 3740 3248 3818 3312; x_wconf 89' lang='lat' dir='ltr'><strong>et</strong></span> <span class='ocrx_word' id='word_1_244' title='bbox 3869 3253 3938 3311; x_wconf 78' lang='lat' dir='ltr'><strong>te</strong></span> <span class='ocrx_word' id='word_1_245' title='bbox 3991 3244 4251 3310; x_wconf 74' lang='lat' dir='ltr'><strong>nactus</strong></span> <span class='ocrx_word' id='word_1_246' title='bbox 4283 3248 4405 3311; x_wconf 89' lang='lat' dir='ltr'><strong>est</strong></span> <span class='ocrx_word' id='word_1_247' title='bbox 4498 3268 4513 3280; x_wconf 47' lang='grc' dir='ltr'><strong>ι</strong></span> 
     </span>
     <span class='ocr_line' id='line_1_24' title="bbox 976 3349 4404 3464; baseline -0 -29"><span class='ocrx_word' id='word_1_248' title='bbox 976 3370 1389 3462; x_wconf 88' lang='lat' dir='ltr'><strong>opportuno</strong></span> <span class='ocrx_word' id='word_1_249' title='bbox 1423 3373 1755 3461; x_wconf 85' lang='lat' dir='ltr'><strong>tempore</strong></span> <span class='ocrx_word' id='word_1_250' title='bbox 1792 3349 2219 3463; x_wconf 69' lang='lat' dir='ltr'><strong>adoptivum</strong></span> <span class='ocrx_word' id='word_1_251' title='bbox 2257 3372 2532 3464; x_wconf 86' lang='lat' dir='ltr'><strong>patrem</strong></span> <span class='ocrx_word' id='word_1_252' title='bbox 2573 3361 3105 3453; x_wconf 84' lang='lat' dir='ltr'><strong>humaniorem,</strong></span> <span class='ocrx_word' id='word_1_253' title='bbox 3159 3385 3369 3459; x_wconf 87' lang='lat' dir='ltr'><strong>quam</strong></span> <span class='ocrx_word' id='word_1_254' title='bbox 3401 3371 3692 3452; x_wconf 89' lang='lat' dir='ltr'><strong>memet,</strong></span> <span class='ocrx_word' id='word_1_255' title='bbox 3747 3364 3864 3457; x_wconf 90' lang='lat' dir='ltr'><strong>qui</strong></span> <span class='ocrx_word' id='word_1_256' title='bbox 3904 3385 4057 3433; x_wconf 86' lang='lat' dir='ltr'><strong>sum</strong></span> <span class='ocrx_word' id='word_1_257' title='bbox 4098 3367 4404 3434; x_wconf 75' lang='lat' dir='ltr'><strong>natura-</strong></span> 
     </span>
     <span class='ocr_line' id='line_1_25' title="bbox 981 3481 4410 3584; baseline 0 -29"><span class='ocrx_word' id='word_1_258' title='bbox 981 3487 1089 3555; x_wconf 77' lang='lat' dir='ltr'><strong>lis.</strong></span> <span class='ocrx_word' id='word_1_259' title='bbox 1226 3485 1386 3557; x_wconf 78' lang='lat' dir='ltr'><strong>Sed</strong></span> <span class='ocrx_word' id='word_1_260' title='bbox 1456 3508 1726 3581; x_wconf 89' lang='lat' dir='ltr'><strong>quaeso</strong></span> <span class='ocrx_word' id='word_1_261' title='bbox 1794 3494 1875 3559; x_wconf 86' lang='lat' dir='ltr'><strong>ut</strong></span> <span class='ocrx_word' id='word_1_262' title='bbox 1925 3509 2068 3582; x_wconf 85' lang='lat' dir='ltr'><strong>qua</strong></span> <span class='ocrx_word' id='word_1_263' title='bbox 2116 3489 2427 3584; x_wconf 86' lang='lat' dir='ltr'><strong>coepisti</strong></span> <span class='ocrx_word' id='word_1_264' title='bbox 2479 3503 2650 3561; x_wconf 86' lang='lat' dir='ltr'><strong>esse</strong></span> <span class='ocrx_word' id='word_1_265' title='bbox 2702 3488 2773 3559; x_wconf 90' lang='lat' dir='ltr'><strong>in</strong></span> <span class='ocrx_word' id='word_1_266' title='bbox 2823 3508 2987 3560; x_wconf 84' lang='lat' dir='ltr'><strong>eum</strong></span> <span class='ocrx_word' id='word_1_267' title='bbox 3052 3488 3263 3560; x_wconf 86' lang='lat' dir='ltr'><strong>animi</strong></span> <span class='ocrx_word' id='word_1_268' title='bbox 3315 3484 3839 3559; x_wconf 85' lang='lat' dir='ltr'><strong>benevolentia</strong></span> <span class='ocrx_word' id='word_1_269' title='bbox 3889 3492 3969 3558; x_wconf 87' lang='lat' dir='ltr'><strong>et</strong></span> <span class='ocrx_word' id='word_1_270' title='bbox 4000 3481 4410 3579; x_wconf 78' lang='lat' dir='ltr'><strong>diligentia</strong></span> 
     </span>
     <span class='ocr_line' id='line_1_26' title="bbox 993 3605 4406 3705; baseline 0 -28"><span class='ocrx_word' id='word_1_271' title='bbox 993 3611 1456 3701; x_wconf 81' lang='lat' dir='ltr'><strong>persequaris</strong></span> <span class='ocrx_word' id='word_1_272' title='bbox 1508 3617 1582 3682; x_wconf 92' lang='lat' dir='ltr'><strong>et</strong></span> <span class='ocrx_word' id='word_1_273' title='bbox 1635 3629 1932 3705; x_wconf 78' lang='lat' dir='ltr'><strong>pergas,</strong></span> <span class='ocrx_word' id='word_1_274' title='bbox 2059 3606 2485 3705; x_wconf 86' lang='lat' dir='ltr'><strong>Lugdunum</strong></span> <span class='ocrx_word' id='word_1_275' title='bbox 2540 3617 2778 3683; x_wconf 88' lang='lat' dir='ltr'><strong>tamen</strong></span> <span class='ocrx_word' id='word_1_276' title='bbox 2830 3607 3163 3705; x_wconf 86' lang='lat' dir='ltr'><strong>ablegari</strong></span> <span class='ocrx_word' id='word_1_277' title='bbox 3213 3607 3474 3701; x_wconf 87' lang='lat' dir='ltr'><strong>nolim,</strong></span> <span class='ocrx_word' id='word_1_278' title='bbox 3542 3608 3605 3679; x_wconf 88' lang='lat' dir='ltr'><strong>si</strong></span> <span class='ocrx_word' id='word_1_279' title='bbox 3657 3606 3940 3705; x_wconf 88' lang='lat' dir='ltr'><strong>placet,</strong></span> <span class='ocrx_word' id='word_1_280' title='bbox 4014 3617 4158 3678; x_wconf 87' lang='lat' dir='ltr'><strong>tum</strong></span> <span class='ocrx_word' id='word_1_281' title='bbox 4209 3605 4406 3700; x_wconf 89' lang='lat' dir='ltr'><strong>quod</strong></span> 
     </span>
     <span class='ocr_line' id='line_1_27' title="bbox 985 3717 4407 3829; baseline 0 -31"><span class='ocrx_word' id='word_1_282' title='bbox 985 3734 1047 3798; x_wconf 88' lang='lat' dir='ltr'><strong>in</strong></span> <span class='ocrx_word' id='word_1_283' title='bbox 1107 3739 1242 3802; x_wconf 82' lang='lat' dir='ltr'><strong>tam</strong></span> <span class='ocrx_word' id='word_1_284' title='bbox 1298 3732 1521 3826; x_wconf 82' lang='lat' dir='ltr'><strong>longo</strong></span> <span class='ocrx_word' id='word_1_285' title='bbox 1573 3717 1899 3805; x_wconf 84' lang='lat' dir='ltr'><strong>locorum</strong></span> <span class='ocrx_word' id='word_1_286' title='bbox 1948 3729 2349 3804; x_wconf 86' lang='lat' dir='ltr'><strong>intervallo</strong></span> <span class='ocrx_word' id='word_1_287' title='bbox 2401 3733 2798 3829; x_wconf 90' lang='lat' dir='ltr'><strong>periculum</strong></span> <span class='ocrx_word' id='word_1_288' title='bbox 2845 3738 2962 3804; x_wconf 91' lang='lat' dir='ltr'><strong>est</strong></span> <span class='ocrx_word' id='word_1_289' title='bbox 3011 3729 3421 3822; x_wconf 85' lang='lat' dir='ltr'><strong>amittendi,</strong></span> <span class='ocrx_word' id='word_1_290' title='bbox 3479 3737 3624 3829; x_wconf 88' lang='lat' dir='ltr'><strong>tum</strong></span> <span class='ocrx_word' id='word_1_291' title='bbox 3681 3728 3874 3826; x_wconf 90' lang='lat' dir='ltr'><strong>quod</strong></span> <span class='ocrx_word' id='word_1_292' title='bbox 3927 3730 4207 3826; x_wconf 85' lang='lat' dir='ltr'><strong>reipsa</strong></span> <span class='ocrx_word' id='word_1_293' title='bbox 4248 3729 4407 3826; x_wconf 87' lang='lat' dir='ltr'><strong>jam</strong></span> 
     </span>
     <span class='ocr_line' id='line_1_28' title="bbox 977 3849 4407 3951; baseline -0.001 -27"><span class='ocrx_word' id='word_1_294' title='bbox 977 3860 1332 3948; x_wconf 74' lang='lat' dir='ltr'><strong>expertus</strong></span> <span class='ocrx_word' id='word_1_295' title='bbox 1386 3876 1576 3944; x_wconf 81' lang='lat' dir='ltr'><strong>sum,</strong></span> <span class='ocrx_word' id='word_1_296' title='bbox 1656 3874 1862 3948; x_wconf 84' lang='lat' dir='ltr'><strong>quam</strong></span> <span class='ocrx_word' id='word_1_297' title='bbox 1913 3855 2057 3924; x_wconf 91' lang='lat' dir='ltr'><strong>sint</strong></span> <span class='ocrx_word' id='word_1_298' title='bbox 2119 3851 2314 3924; x_wconf 80' lang='lat' dir='ltr'><strong>illius</strong></span> <span class='ocrx_word' id='word_1_299' title='bbox 2381 3850 2581 3926; x_wconf 84' lang='lat' dir='ltr'><strong>urbis</strong></span> <span class='ocrx_word' id='word_1_300' title='bbox 2648 3849 3092 3951; x_wconf 75' lang='lat' dir='ltr'><strong>typographi</strong></span> <span class='ocrx_word' id='word_1_301' title='bbox 3158 3876 3397 3926; x_wconf 86' lang='lat' dir='ltr'><strong>rerum</strong></span> <span class='ocrx_word' id='word_1_302' title='bbox 3459 3853 3857 3927; x_wconf 85' lang='lat' dir='ltr'><strong>alienarum</strong></span> <span class='ocrx_word' id='word_1_303' title='bbox 3918 3850 4407 3948; x_wconf 88' lang='lat' dir='ltr'><strong>negligentes.</strong></span> 
     </span>
     <span class='ocr_line' id='line_1_29' title="bbox 975 3969 4409 4074; baseline 0.001 -29"><span class='ocrx_word' id='word_1_304' title='bbox 975 3970 1173 4045; x_wconf 89' lang='lat' dir='ltr'><strong>Nam</strong></span> <span class='ocrx_word' id='word_1_305' title='bbox 1222 3995 1382 4046; x_wconf 89' lang='lat' dir='ltr'><strong>cum</strong></span> <span class='ocrx_word' id='word_1_306' title='bbox 1434 3969 1531 4045; x_wconf 84' lang='lat' dir='ltr'><strong>ad</strong></span> <span class='ocrx_word' id='word_1_307' title='bbox 1583 3993 1715 4045; x_wconf 90' lang='lat' dir='ltr'><strong>eos</strong></span> <span class='ocrx_word' id='word_1_308' title='bbox 1765 3972 2087 4069; x_wconf 79' lang='lat' dir='ltr'><strong>libellum</strong></span> <span class='ocrx_word' id='word_1_309' title='bbox 2138 3996 2354 4045; x_wconf 77' lang='lat' dir='ltr'><strong>unum</strong></span> <span class='ocrx_word' id='word_1_310' title='bbox 2404 3971 2502 4048; x_wconf 89' lang='lat' dir='ltr'><strong>de</strong></span> <span class='ocrx_word' id='word_1_311' title='bbox 2549 3972 2737 4048; x_wconf 91' lang='lat' dir='ltr'><strong>locis</strong></span> <span class='ocrx_word' id='word_1_312' title='bbox 2777 3973 3265 4048; x_wconf 86' lang='lat' dir='ltr'><strong>communibus</strong></span> <span class='ocrx_word' id='word_1_313' title='bbox 3313 3978 3493 4050; x_wconf 77' lang='lat' dir='ltr'><strong>meis</strong></span> <span class='ocrx_word' id='word_1_314' title='bbox 3545 3997 3679 4074; x_wconf 86' lang='lat' dir='ltr'><strong>per</strong></span> <span class='ocrx_word' id='word_1_315' title='bbox 3729 3977 4002 4048; x_wconf 90' lang='lat' dir='ltr'><strong>amicos</strong></span> <span class='ocrx_word' id='word_1_316' title='bbox 4053 3975 4409 4047; x_wconf 87' lang='lat' dir='ltr'><strong>misissem</strong></span> 
     </span>
     <span class='ocr_line' id='line_1_30' title="bbox 978 4091 4411 4196; baseline -0.001 -26"><span class='ocrx_word' id='word_1_317' title='bbox 978 4103 1371 4191; x_wconf 84' lang='lat' dir='ltr'><strong>essentque</strong></span> <span class='ocrx_word' id='word_1_318' title='bbox 1436 4093 1543 4180; x_wconf 74' lang='lat' dir='ltr'><strong>illi</strong></span> <span class='ocrx_word' id='word_1_319' title='bbox 1612 4116 1891 4168; x_wconf 86' lang='lat' dir='ltr'><strong>omnem</strong></span> <span class='ocrx_word' id='word_1_320' title='bbox 1944 4116 2241 4192; x_wconf 86' lang='lat' dir='ltr'><strong>operam</strong></span> <span class='ocrx_word' id='word_1_321' title='bbox 2308 4097 2382 4168; x_wconf 89' lang='lat' dir='ltr'><strong>in</strong></span> <span class='ocrx_word' id='word_1_322' title='bbox 2432 4118 2526 4169; x_wconf 90' lang='lat' dir='ltr'><strong>eo</strong></span> <span class='ocrx_word' id='word_1_323' title='bbox 2577 4093 3019 4170; x_wconf 82' lang='lat' dir='ltr'><strong>excudendo</strong></span> <span class='ocrx_word' id='word_1_324' title='bbox 3085 4107 3166 4171; x_wconf 87' lang='lat' dir='ltr'><strong>et</strong></span> <span class='ocrx_word' id='word_1_325' title='bbox 3212 4094 3587 4173; x_wconf 83' lang='lat' dir='ltr'><strong>servando</strong></span> <span class='ocrx_word' id='word_1_326' title='bbox 3661 4096 4013 4196; x_wconf 84' lang='lat' dir='ltr'><strong>polliciti,</strong></span> <span class='ocrx_word' id='word_1_327' title='bbox 4089 4091 4280 4169; x_wconf 90' lang='lat' dir='ltr'><strong>liber</strong></span> <span class='ocrx_word' id='word_1_328' title='bbox 4341 4097 4411 4168; x_wconf 87' lang='lat' dir='ltr'><strong>is</strong></span> 
     </span>
     <span class='ocr_line' id='line_1_31' title="bbox 978 4198 4415 4317; baseline -0.001 -25"><span class='ocrx_word' id='word_1_329' title='bbox 978 4219 1285 4292; x_wconf 76' lang='lat' dir='ltr'><strong>amissus</strong></span> <span class='ocrx_word' id='word_1_330' title='bbox 1334 4222 1450 4292; x_wconf 88' lang='lat' dir='ltr'><strong>est</strong></span> <span class='ocrx_word' id='word_1_331' title='bbox 1512 4222 1590 4290; x_wconf 88' lang='lat' dir='ltr'><strong>et</strong></span> <span class='ocrx_word' id='word_1_332' title='bbox 1638 4237 1750 4288; x_wconf 91' lang='lat' dir='ltr'><strong>me</strong></span> <span class='ocrx_word' id='word_1_333' title='bbox 1801 4215 2103 4291; x_wconf 85' lang='lat' dir='ltr'><strong>alterum</strong></span> <span class='ocrx_word' id='word_1_334' title='bbox 2158 4216 2488 4291; x_wconf 81' lang='lat' dir='ltr'><strong>exscribi</strong></span> <span class='ocrx_word' id='word_1_335' title='bbox 2536 4240 2798 4293; x_wconf 87' lang='lat' dir='ltr'><strong>curare</strong></span> <span class='ocrx_word' id='word_1_336' title='bbox 2850 4228 3186 4317; x_wconf 85' lang='lat' dir='ltr'><strong>oportet,</strong></span> <span class='ocrx_word' id='word_1_337' title='bbox 3264 4198 3481 4316; x_wconf 27' lang='lat' dir='ltr'><strong>quem·</strong></span> <span class='ocrx_word' id='word_1_338' title='bbox 3524 4228 3765 4294; x_wconf 77' lang='lat' dir='ltr'><strong>tamen</strong></span> <span class='ocrx_word' id='word_1_339' title='bbox 3830 4222 3897 4292; x_wconf 88' lang='lat' dir='ltr'><strong>si</strong></span> <span class='ocrx_word' id='word_1_340' title='bbox 3947 4239 4244 4317; x_wconf 86' lang='lat' dir='ltr'><strong>possum</strong></span> <span class='ocrx_word' id='word_1_341' title='bbox 4305 4215 4415 4290; x_wconf 83' lang='lat' dir='ltr'><strong>ad</strong></span> 
     </span>
     <span class='ocr_line' id='line_1_32' title="bbox 983 4337 4414 4438; baseline -0.002 -23"><span class='ocrx_word' id='word_1_342' title='bbox 983 4362 1117 4415; x_wconf 89' lang='lat' dir='ltr'><strong>eos</strong></span> <span class='ocrx_word' id='word_1_343' title='bbox 1168 4363 1311 4413; x_wconf 89' lang='lat' dir='ltr'><strong>non</strong></span> <span class='ocrx_word' id='word_1_344' title='bbox 1363 4339 1657 4412; x_wconf 87' lang='lat' dir='ltr'><strong>mittam.</strong></span> <span class='ocrx_word' id='word_1_345' title='bbox 1783 4337 1972 4411; x_wconf 76' lang='lat' dir='ltr'><strong>Erat</strong></span> <span class='ocrx_word' id='word_1_346' title='bbox 2023 4339 2085 4411; x_wconf 87' lang='lat' dir='ltr'><strong>is</strong></span> <span class='ocrx_word' id='word_1_347' title='bbox 2132 4338 2346 4413; x_wconf 89' lang='lat' dir='ltr'><strong>locus</strong></span> <span class='ocrx_word' id='word_1_348' title='bbox 2400 4337 2496 4414; x_wconf 91' lang='lat' dir='ltr'><strong>de</strong></span> <span class='ocrx_word' id='word_1_349' title='bbox 2549 4339 2761 4432; x_wconf 69' lang='lat' dir='ltr'><strong>Deo,</strong></span> <span class='ocrx_word' id='word_1_350' title='bbox 2840 4339 2935 4414; x_wconf 88' lang='lat' dir='ltr'><strong>de</strong></span> <span class='ocrx_word' id='word_1_351' title='bbox 2988 4338 3251 4438; x_wconf 90' lang='lat' dir='ltr'><strong>quibus</strong></span> <span class='ocrx_word' id='word_1_352' title='bbox 3301 4340 3489 4416; x_wconf 89' lang='lat' dir='ltr'><strong>locis</strong></span> <span class='ocrx_word' id='word_1_353' title='bbox 3554 4343 3619 4412; x_wconf 89' lang='lat' dir='ltr'><strong>si</strong></span> <span class='ocrx_word' id='word_1_354' title='bbox 3684 4361 3892 4437; x_wconf 91' lang='lat' dir='ltr'><strong>quem</strong></span> <span class='ocrx_word' id='word_1_355' title='bbox 3960 4360 4222 4412; x_wconf 89' lang='lat' dir='ltr'><strong>nosses</strong></span> <span class='ocrx_word' id='word_1_356' title='bbox 4286 4338 4414 4435; x_wconf 92' lang='lat' dir='ltr'><strong>qui</strong></span> 
     </span>
     <span class='ocr_line' id='line_1_33' title="bbox 984 4454 4414 4560; baseline -0.001 -24"><span class='ocrx_word' id='word_1_357' title='bbox 984 4456 1445 4538; x_wconf 85' lang='lat' dir='ltr'><strong>Christianae</strong></span> <span class='ocrx_word' id='word_1_358' title='bbox 1470 4461 1838 4559; x_wconf 81' lang='lat' dir='ltr'><strong>Religioni</strong></span> <span class='ocrx_word' id='word_1_359' title='bbox 1891 4461 2188 4538; x_wconf 84' lang='lat' dir='ltr'><strong>faveret</strong></span> <span class='ocrx_word' id='word_1_360' title='bbox 2240 4459 2787 4560; x_wconf 87' lang='lat' dir='ltr'><strong>typographus,</strong></span> <span class='ocrx_word' id='word_1_361' title='bbox 2839 4462 3061 4537; x_wconf 83' lang='lat' dir='ltr'><strong>velim</strong></span> <span class='ocrx_word' id='word_1_362' title='bbox 3111 4460 3209 4538; x_wconf 88' lang='lat' dir='ltr'><strong>ad</strong></span> <span class='ocrx_word' id='word_1_363' title='bbox 3247 4486 3361 4537; x_wconf 90' lang='lat' dir='ltr'><strong>me</strong></span> <span class='ocrx_word' id='word_1_364' title='bbox 3412 4462 3718 4539; x_wconf 87' lang='lat' dir='ltr'><strong>scribas.</strong></span> <span class='ocrx_word' id='word_1_365' title='bbox 3818 4456 3976 4536; x_wconf 86' lang='lat' dir='ltr'><strong>Res</strong></span> <span class='ocrx_word' id='word_1_366' title='bbox 4007 4460 4149 4539; x_wconf 88' lang='lat' dir='ltr'><strong>erit</strong></span> <span class='ocrx_word' id='word_1_367' title='bbox 4183 4454 4414 4556; x_wconf 85' lang='lat' dir='ltr'><strong>digna</strong></span> 
     </span>
     <span class='ocr_line' id='line_1_34' title="bbox 982 4582 4412 4686; baseline 0 -30"><span class='ocrx_word' id='word_1_368' title='bbox 982 4583 1172 4680; x_wconf 78' lang='lat' dir='ltr'><strong>legi,</strong></span> <span class='ocrx_word' id='word_1_369' title='bbox 1220 4592 1308 4657; x_wconf 85' lang='lat' dir='ltr'><strong>ut</strong></span> <span class='ocrx_word' id='word_1_370' title='bbox 1353 4607 1603 4663; x_wconf 87' lang='lat' dir='ltr'><strong>omnes</strong></span> <span class='ocrx_word' id='word_1_371' title='bbox 1644 4584 2011 4686; x_wconf 81' lang='lat' dir='ltr'><strong>judicant.</strong></span> <span class='ocrx_word' id='word_1_372' title='bbox 2105 4583 2331 4660; x_wconf 88' lang='lat' dir='ltr'><strong>Absit</strong></span> <span class='ocrx_word' id='word_1_373' title='bbox 2379 4593 2619 4659; x_wconf 86' lang='lat' dir='ltr'><strong>autem</strong></span> <span class='ocrx_word' id='word_1_374' title='bbox 2670 4593 2754 4660; x_wconf 87' lang='lat' dir='ltr'><strong>ut</strong></span> <span class='ocrx_word' id='word_1_375' title='bbox 2799 4609 2912 4662; x_wconf 89' lang='lat' dir='ltr'><strong>me</strong></span> <span class='ocrx_word' id='word_1_376' title='bbox 2961 4609 3127 4662; x_wconf 89' lang='lat' dir='ltr'><strong>mea</strong></span> <span class='ocrx_word' id='word_1_377' title='bbox 3176 4585 3374 4686; x_wconf 89' lang='lat' dir='ltr'><strong>apud</strong></span> <span class='ocrx_word' id='word_1_378' title='bbox 3422 4595 3497 4660; x_wconf 87' lang='lat' dir='ltr'><strong>te</strong></span> <span class='ocrx_word' id='word_1_379' title='bbox 3549 4582 3938 4660; x_wconf 79' lang='lat' dir='ltr'><strong>venditare</strong></span> <span class='ocrx_word' id='word_1_380' title='bbox 3990 4584 4412 4674; x_wconf 83' lang='lat' dir='ltr'><strong>existimes,</strong></span> 
     </span>
     <span class='ocr_line' id='line_1_35' title="bbox 980 4701 4407 4806; baseline -0 -27"><span class='ocrx_word' id='word_1_381' title='bbox 980 4701 1120 4779; x_wconf 86' lang='lat' dir='ltr'><strong>sed</strong></span> <span class='ocrx_word' id='word_1_382' title='bbox 1187 4703 1380 4800; x_wconf 76' lang='lat' dir='ltr'><strong>qnod</strong></span> <span class='ocrx_word' id='word_1_383' title='bbox 1446 4704 1543 4782; x_wconf 81' lang='lat' dir='ltr'><strong>ad</strong></span> <span class='ocrx_word' id='word_1_384' title='bbox 1594 4711 2010 4785; x_wconf 83' lang='lat' dir='ltr'><strong>versionem</strong></span> <span class='ocrx_word' id='word_1_385' title='bbox 2070 4707 2167 4782; x_wconf 90' lang='lat' dir='ltr'><strong>de</strong></span> <span class='ocrx_word' id='word_1_386' title='bbox 2218 4707 2725 4800; x_wconf 86' lang='lat' dir='ltr'><strong>Tertulliano,</strong></span> <span class='ocrx_word' id='word_1_387' title='bbox 2794 4707 2919 4785; x_wconf 86' lang='lat' dir='ltr'><strong>fac</strong></span> <span class='ocrx_word' id='word_1_388' title='bbox 2965 4731 3281 4806; x_wconf 81' lang='lat' dir='ltr'><strong>quaeso,</strong></span> <span class='ocrx_word' id='word_1_389' title='bbox 3351 4718 3431 4783; x_wconf 89' lang='lat' dir='ltr'><strong>ut</strong></span> <span class='ocrx_word' id='word_1_390' title='bbox 3475 4706 3824 4782; x_wconf 78' lang='lat' dir='ltr'><strong>Lutetiae</strong></span> <span class='ocrx_word' id='word_1_391' title='bbox 3891 4707 4135 4806; x_wconf 88' lang='lat' dir='ltr'><strong>potius</strong></span> <span class='ocrx_word' id='word_1_392' title='bbox 4197 4728 4407 4802; x_wconf 88' lang='lat' dir='ltr'><strong>quam</strong></span> 
     </span>
     <span class='ocr_line' id='line_1_36' title="bbox 982 4823 4409 4937; baseline 0.001 -37"><span class='ocrx_word' id='word_1_393' title='bbox 982 4823 1331 4923; x_wconf 62' lang='lat' dir='ltr'><strong>lugduni</strong></span> <span class='ocrx_word' id='word_1_394' title='bbox 1358 4826 1664 4920; x_wconf 79' lang='lat' dir='ltr'><strong>edatur,</strong></span> <span class='ocrx_word' id='word_1_395' title='bbox 1716 4838 1793 4905; x_wconf 87' lang='lat' dir='ltr'><strong>et</strong></span> <span class='ocrx_word' id='word_1_396' title='bbox 1829 4836 1892 4906; x_wconf 91' lang='lat' dir='ltr'><strong>si</strong></span> <span class='ocrx_word' id='word_1_397' title='bbox 1936 4854 2131 4907; x_wconf 81' lang='lat' dir='ltr'><strong>unus</strong></span> <span class='ocrx_word' id='word_1_398' title='bbox 2170 4841 2509 4934; x_wconf 78' lang='lat' dir='ltr'><strong>recuset,</strong></span> <span class='ocrx_word' id='word_1_399' title='bbox 2558 4832 2753 4906; x_wconf 81' lang='lat' dir='ltr'><strong>alter</strong></span> <span class='ocrx_word' id='word_1_400' title='bbox 2785 4830 3274 4909; x_wconf 73' lang='lat' dir='ltr'><strong>conditionem</strong></span> <span class='ocrx_word' id='word_1_401' title='bbox 3305 4833 3627 4931; x_wconf 78' lang='lat' dir='ltr'><strong>accipiet</strong></span> <span class='ocrx_word' id='word_1_402' title='bbox 3667 4926 3676 4937; x_wconf 30' lang='grc' dir='ltr'><strong>ο</strong></span> <span class='ocrx_word' id='word_1_403' title='bbox 3678 4881 3989 4904; x_wconf 92' lang='grc'><strong>.....</strong></span> <span class='ocrx_word' id='word_1_404' title='bbox 4040 4825 4180 4903; x_wconf 88' lang='lat' dir='ltr'><strong>sed</strong></span> <span class='ocrx_word' id='word_1_405' title='bbox 4214 4826 4409 4904; x_wconf 83' lang='lat' dir='ltr'><strong>ehe&#39;u</strong></span> 
     </span>
    </p>
   </div>
   <div class='ocr_carea' id='block_1_5' title="bbox 1065 5046 3229 5129">
    <p class='ocr_par' dir='ltr' id='par_1_6' title="bbox 1065 5046 3229 5129">
     <span class='ocr_line' id='line_1_37' title="bbox 1065 5046 3229 5129; baseline 0.003 -19"><span class='ocrx_word' id='word_1_406' title='bbox 1065 5046 1135 5121; x_wconf 81' lang='lat'><strong>1)</strong></span> <span class='ocrx_word' id='word_1_407' title='bbox 1218 5046 1545 5108; x_wconf 68' lang='lat' dir='ltr'><strong>nanneno</strong></span> <span class='ocrx_word' id='word_1_408' title='bbox 1588 5046 1913 5129; x_wconf 72' lang='grc' dir='ltr'><strong>([Ιιιιοω),</strong></span> <span class='ocrx_word' id='word_1_409' title='bbox 1947 5051 2371 5128; x_wconf 65' lang='lat' dir='ltr'><strong>jumnsulmo</strong></span> <span class='ocrx_word' id='word_1_410' title='bbox 2414 5055 2473 5112; x_wconf 85' lang='lat' dir='ltr'><strong>et</strong></span> <span class='ocrx_word' id='word_1_411' title='bbox 2510 5050 2830 5129; x_wconf 73' lang='lat' dir='ltr'><strong>theologus,</strong></span> <span class='ocrx_word' id='word_1_412' title='bbox 2873 5052 3010 5116; x_wconf 70' lang='lat' dir='ltr'><strong>obiit</strong></span> <span class='ocrx_word' id='word_1_413' title='bbox 3050 5054 3229 5117; x_wconf 67' lang='lat'><strong>¹⁵26.</strong></span> 
     </span>
    </p>
   </div>
  </div>
 </body>
</html>
