4782 6002
1949 388 2026 455 1¹

575 540 627 608 si
681 535 846 608 dolo
899 524 1120 607 secit¹.
1189 535 1262 607 si
1328 550 1566 609 autem
1634 535 1723 607 de
1784 536 2130 612 evictione
2198 539 2380 608 cavit
2453 535 2757 610 donator
2782 592 2799 625 ‚
2867 536 2957 610 de
3022 537 3366 610 evictione

576 689 737 737 eum
787 677 982 736 tenet
1021 649 1271 735 ειςεῑίο.2

673 788 803 863 Cui
876 814 1137 867 nomen
1202 787 1564 887 quoddam
1635 813 2042 862 concessum
2112 803 2217 861 est
2242 845 2261 877 ‚
2340 790 2549 862 utiles
2602 790 2946 876 actiones,
3022 803 3363 888 tanquam

575 931 992 1014 procurator
1045 918 1118 987 iu
1174 940 1319 987 rem
1364 940 1600 1002 suam,
1655 916 1873 987 habet
1917 915 1988 986 in
2023 912 2415 987 debitorem
2434 900 2482 985 3.
2540 916 2713 986 Item
2759 915 2818 987 is
2860 915 2975 989 cui
3012 913 3364 988 hereditas

572 1039 832 1114 donata
871 1056 974 1114 est
1019 1041 1226 1113 utiles
1277 1041 1574 1112 habebit
1621 1041 1926 1112 actiones
1980 1040 2055 1111 in
2112 1040 2466 1112 debitores
2519 1039 3020 1128 hereditariae,
3070 1043 3196 1139 qni
3239 1040 3362 1114 ad-

571 1192 814 1241 versus
862 1167 1250 1240 donantem
1305 1170 1556 1239 merito
1607 1167 1754 1239 doli
1808 1168 2211 1264 exceptione
2259 1168 2368 1240 uti
2425 1183 2756 1263 possunt,
2818 1169 2874 1239 si
2924 1168 3019 1238 ab
3070 1193 3153 1239 eo
3209 1194 3364 1266 per-

568 1307 971 1392 sequuntur
988 1279 1037 1363 ⁴.
1090 1290 1574 1365 Creditoribus
1623 1292 2064 1364 hereditariis
2114 1305 2352 1364 autem
2386 1293 2773 1366 satisfacere
2810 1293 3066 1378 debet;
3118 1295 3175 1366 si
3218 1294 3360 1366 hoc

569 1420 863 1492 minime
907 1419 1100 1506 facit,
1142 1420 1415 1491 actione
1457 1418 1858 1515 prescriptis
1905 1417 2135 1488 verbis
2175 1417 2326 1515 cogi
2373 1431 2625 1512 potest.

1736 1943 2017 2017 CAPUT
2069 1944 2179 2014 VI.

1093 2257 1184 2343 Be
1231 2257 1660 2367 singularibus
1708 2259 2080 2367 quibusdam
2129 2260 2526 2346 donationum
2578 2257 2825 2346 formis,

670 2562 971 2634 Donatio
1016 2562 1155 2633 sub
1206 2562 1615 2635 conditione
1653 2579 1756 2636 est
1798 2589 1876 2635 ea
1929 2588 2072 2661 qua
2103 2561 2324 2634 donat
2362 2563 2618 2659 aliquis
2662 2588 2740 2635 ea
2782 2577 3017 2634 mente
3052 2575 3135 2635 ut
3183 2576 3358 2636 tunc

558 2684 860 2761 demum
908 2713 1055 2760 rem
1102 2687 1438 2760 donatam
1478 2689 1884 2788 accipientis
1922 2690 2156 2778 saciat,
2194 2713 2425 2787 quum
2469 2686 2740 2786 aliquid
2778 2703 3101 2761 secutum
3122 2689 3355 2762 suerit.

563 2813 871 2887 Donatio
911 2839 1065 2912 quae
1103 2816 1240 2887 sub
1288 2815 1697 2888 conditione
1739 2817 2040 2889 solvitur
2085 2831 2189 2888 est
2229 2841 2308 2888 ea
2339 2840 2482 2914 qua
2523 2816 2686 2914 quis
2729 2839 2807 2887 ea
2860 2829 3095 2888 mente
3136 2814 3358 2889 donat

561 2954 652 3014 ut
697 2942 937 3014 statim
993 2966 1139 3015 rem
1183 2943 1386 3015 faciat
1437 2944 1875 3041 accip'entis,
1934 2945 1990 3015 si
2043 2958 2277 3017 tamen
2333 2944 2604 3043 aliquid
2661 2944 2922 3018 factum
2987 2944 3199 3017 fuerit
3245 2944 3353 3020 vel

561 3071 828 3142 sactum
882 3094 1027 3142 non
1081 3069 1323 3157 fuerit,
1372 3072 1540 3144 velit
1581 3070 1670 3143 ad
1708 3097 1780 3144 se
1825 3059 2142 3145 reverti.⁵

668 3197 968 3269 Donatio
1014 3196 1153 3269 sub
1197 3196 1412 3271 modo
1456 3223 1534 3270 ea
1584 3213 1686 3271 est
1739 3200 1854 3271 cui
1915 3201 2129 3297 legem
2200 3197 2376 3269 dixit
2424 3197 2727 3270 donator
2779 3199 2920 3271 hoc
2970 3213 3210 3296 pacto,
3268 3214 3353 3271 ut

560 3337 687 3395 aut
731 3322 820 3395 de
861 3348 997 3394 usu
1047 3325 1142 3395 rei
1184 3340 1375 3396 certo
1414 3325 1628 3397 modo
1670 3341 1931 3397 statuat
1948 3315 1997 3411 ⁰,
2045 3339 2167 3397 aut
2207 3326 2295 3396 de
2348 3324 2777 3397 restituenda
2822 3350 2896 3396 re
2941 3323 3202 3398 donata
3245 3328 3349 3396 vel

560 3465 760 3545 parte
813 3450 966 3545 ejus
1023 3451 1157 3521 sibi
1217 3451 1454 3522 aliisve
1500 3466 1769 3539 caveat,
1830 3466 1954 3524 aut
1996 3452 2130 3523 sibi
2189 3477 2338 3522 rem
2385 3450 2698 3549 aliquam
2745 3450 3151 3524 solvendam
3209 3477 3353 3524 esse

560 3573 975 3670 paciscatur.

646 3972 684 4002 ι.
727 3944 1006 4018 Fr.18,§.
1041 3951 1106 4013 3,
1141 3950 1235 4015 D.,
1268 3947 1317 4000 h.
1355 3962 1389 4001 t.

642 4073 685 4103 2.
726 4048 896 4104 Const.
931 4072 992 4116 2,
1025 4049 1113 4117 C.‚
1147 4052 1222 4104 De
1249 4052 1418 4117 evict„
1452 4051 1599 4118 Vlll,
1633 4055 1710 4117 45.

638 4156 685 4205 3.
728 4152 898 4207 Const.
931 4155 1023 4219 33,
1056 4153 1143 4221 C.,
1164 4153 1218 4207 h.
1245 4168 1280 4206 t.

635 4259 682 4322 4.
725 4255 895 4309 Const.
931 4260 985 4323 5,
1018 4255 1103 4322 C.‚
1135 4257 1239 4323 w,
1280 4261 1371 4329 393
1411 4259 1494 4311 Fr.
1532 4259 1615 4324 ι6,
1646 4277 1720 4328 pr.
1755 4258 1872 4329 mp.
1903 4260 1995 4326 1).‚
2024 4259 2100 4314 De
2129 4260 2363 4331 pact.11,
2395 4264 2465 4326 ¹4-

638 4362 682 4408 5.
721 4358 808 4411 Fr.
842 4358 1021 4424 13D.,
1053 4358 1103 4412 b.
1128 4372 1164 4411 t.

634 4461 681 4512 6.
721 4460 892 4515 Const.
919 4463 950 4513 3
982 4473 1030 4515 et
1058 4463 1120 4527 6,
1158 4460 1244 4527 C.,
1273 4462 1348 4516 De
1376 4460 1585 4516 condiet.
1621 4461 1685 4516 ob
1709 4482 1842 4518 caus.
1877 4463 2009 4529 dat„
2045 4462 2135 4531 IV,
2167 4466 2215 4518 6.
