<?xml version="1.0" encoding="UTF-8"?>
<!DOCTYPE html PUBLIC "-//W3C//DTD XHTML 1.0 Transitional//EN"
    "http://www.w3.org/TR/xhtml1/DTD/xhtml1-transitional.dtd">
<html xmlns="http://www.w3.org/1999/xhtml" xml:lang="en" lang="en">
 <head>
  <title>
</title>
<meta http-equiv="Content-Type" content="text/html;charset=utf-8" />
  <meta name='ocr-system' content='tesseract 3.04.00' />
  <meta name='ocr-capabilities' content='ocr_page ocr_carea ocr_par ocr_line ocrx_word'/>
</head>
<body>
  <div class='ocr_page' id='page_1' title='image "./diesinterpellat00beckgoog_0012.png"; bbox 0 0 4782 6002; ppageno 0'>
   <div class='ocr_carea' id='block_1_1' title="bbox 2274 370 2796 455">
    <p class='ocr_par' dir='ltr' id='par_1_1' title="bbox 2274 370 2796 455">
     <span class='ocr_line' id='line_1_1' title="bbox 2274 370 2796 455; baseline -0.006 -19"><span class='ocrx_word' id='word_1_1' title='bbox 2274 370 2796 455; x_wconf 69' lang='lat'><strong>...2-</strong></span> 
     </span>
    </p>
   </div>
   <div class='ocr_carea' id='block_1_2' title="bbox 868 566 4202 4740">
    <p class='ocr_par' dir='ltr' id='par_1_2' title="bbox 868 552 4199 966">
     <span class='ocr_line' id='line_1_2' title="bbox 869 566 4197 675; baseline -0.001 -21"><span class='ocrx_word' id='word_1_2' title='bbox 869 602 1030 656; x_wconf 88' lang='lat' dir='ltr'><strong>uem</strong></span> <span class='ocrx_word' id='word_1_3' title='bbox 1074 599 1217 651; x_wconf 91' lang='lat' dir='ltr'><strong>nou</strong></span> <span class='ocrx_word' id='word_1_4' title='bbox 1267 575 1614 667; x_wconf 81' lang='lat' dir='ltr'><strong>solverit,</strong></span> <span class='ocrx_word' id='word_1_5' title='bbox 1700 576 1775 649; x_wconf 89' lang='lat' dir='ltr'><strong>in</strong></span> <span class='ocrx_word' id='word_1_6' title='bbox 1823 573 2064 675; x_wconf 85' lang='lat' dir='ltr'><strong>culpa,</strong></span> <span class='ocrx_word' id='word_1_7' title='bbox 2162 573 2497 671; x_wconf 78' lang='lat' dir='ltr'><strong>quamvis</strong></span> <span class='ocrx_word' id='word_1_8' title='bbox 2545 566 2887 646; x_wconf 81' lang='lat' dir='ltr'><strong>solvendi</strong></span> <span class='ocrx_word' id='word_1_9' title='bbox 2933 578 3211 670; x_wconf 69' lang='lat' dir='ltr'><strong>tenpus</strong></span> <span class='ocrx_word' id='word_1_10' title='bbox 3252 570 3576 664; x_wconf 71' lang='lat' dir='ltr'><strong>affuerit,</strong></span> <span class='ocrx_word' id='word_1_11' title='bbox 3641 593 3790 648; x_wconf 87' lang='lat' dir='ltr'><strong>non</strong></span> <span class='ocrx_word' id='word_1_12' title='bbox 3837 580 4197 650; x_wconf 79' lang='lat' dir='ltr'><strong>versatur.</strong></span> 
     </span>
     <span class='ocr_line' id='line_1_3' title="bbox 868 714 4199 821; baseline -0.002 -21"><span class='ocrx_word' id='word_1_13' title='bbox 868 722 1106 821; x_wconf 85' lang='lat' dir='ltr'><strong>Cujus</strong></span> <span class='ocrx_word' id='word_1_14' title='bbox 1157 718 1443 820; x_wconf 88' lang='lat' dir='ltr'><strong>quidem</strong></span> <span class='ocrx_word' id='word_1_15' title='bbox 1481 720 1815 821; x_wconf 85' lang='lat' dir='ltr'><strong>probatio</strong></span> <span class='ocrx_word' id='word_1_16' title='bbox 1864 722 1940 794; x_wconf 90' lang='lat' dir='ltr'><strong>in</strong></span> <span class='ocrx_word' id='word_1_17' title='bbox 1985 741 2079 795; x_wconf 90' lang='lat' dir='ltr'><strong>eo</strong></span> <span class='ocrx_word' id='word_1_18' title='bbox 2129 719 2476 808; x_wconf 78' lang='lat' dir='ltr'><strong>vertitur,</strong></span> <span class='ocrx_word' id='word_1_19' title='bbox 2517 722 2633 807; x_wconf 83' lang='lat' dir='ltr'><strong>ut,</strong></span> <span class='ocrx_word' id='word_1_20' title='bbox 2685 714 2807 788; x_wconf 81' lang='lat' dir='ltr'><strong>ubi</strong></span> <span class='ocrx_word' id='word_1_21' title='bbox 2855 736 3058 790; x_wconf 80' lang='lat' dir='ltr'><strong>mora</strong></span> <span class='ocrx_word' id='word_1_22' title='bbox 3106 736 3208 791; x_wconf 78' lang='lat' dir='ltr'><strong>ex</strong></span> <span class='ocrx_word' id='word_1_23' title='bbox 3256 738 3340 793; x_wconf 86' lang='lat' dir='ltr'><strong>re</strong></span> <span class='ocrx_word' id='word_1_24' title='bbox 3386 714 3640 810; x_wconf 67' lang='lat' dir='ltr'><strong>adest,</strong></span> <span class='ocrx_word' id='word_1_25' title='bbox 3691 715 3983 795; x_wconf 78' lang='lat' dir='ltr'><strong>debitor</strong></span> <span class='ocrx_word' id='word_1_26' title='bbox 4013 740 4199 796; x_wconf 82' lang='lat' dir='ltr'><strong>eon-</strong></span> 
     </span>
     <span class='ocr_line' id='line_1_4' title="bbox 874 856 3044 966; baseline -0.002 -24"><span class='ocrx_word' id='word_1_27' title='bbox 874 877 985 942; x_wconf 86' lang='lat' dir='ltr'><strong>tra</strong></span> <span class='ocrx_word' id='word_1_28' title='bbox 1029 866 1353 966; x_wconf 78' lang='lat' dir='ltr'><strong>regulam</strong></span> <span class='ocrx_word' id='word_1_29' title='bbox 1405 886 1519 942; x_wconf 81' lang='lat' dir='ltr'><strong>ex·</strong></span> <span class='ocrx_word' id='word_1_30' title='bbox 1554 864 1862 965; x_wconf 79' lang='lat' dir='ltr'><strong>speciali</strong></span> <span class='ocrx_word' id='word_1_31' title='bbox 1909 886 2132 940; x_wconf 80' lang='lat' dir='ltr'><strong>causa</strong></span> <span class='ocrx_word' id='word_1_32' title='bbox 2178 861 2373 936; x_wconf 91' lang='lat' dir='ltr'><strong>ultro</strong></span> <span class='ocrx_word' id='word_1_33' title='bbox 2423 859 2727 935; x_wconf 81' lang='lat' dir='ltr'><strong>solvere</strong></span> <span class='ocrx_word' id='word_1_34' title='bbox 2772 856 3044 937; x_wconf 77' lang='lat' dir='ltr'><strong>debeat</strong></span> 
     </span>
    </p>

    <p class='ocr_par' dir='ltr' id='par_1_3' title="bbox 1656 1001 3075 1109">
     <span class='ocr_line' id='line_1_5' title="bbox 1656 1001 3075 1109; baseline -0.003 -26"><span class='ocrx_word' id='word_1_35' title='bbox 1656 1010 1706 1083; x_wconf 92' lang='lat' dir='ltr'><strong>l.</strong></span> <span class='ocrx_word' id='word_1_36' title='bbox 1755 1010 1875 1083; x_wconf 74' lang='grc'><strong>53.</strong></span> <span class='ocrx_word' id='word_1_37' title='bbox 1923 1030 2032 1109; x_wconf 87' lang='lat' dir='ltr'><strong>pr.</strong></span> <span class='ocrx_word' id='word_1_38' title='bbox 2083 1006 2179 1081; x_wconf 90' lang='lat' dir='ltr'><strong>D.</strong></span> <span class='ocrx_word' id='word_1_39' title='bbox 2229 1003 2329 1080; x_wconf 88' lang='lat' dir='ltr'><strong>de</strong></span> <span class='ocrx_word' id='word_1_40' title='bbox 2377 1001 2502 1077; x_wconf 82' lang='lat' dir='ltr'><strong>fid.</strong></span> <span class='ocrx_word' id='word_1_41' title='bbox 2549 1002 2676 1077; x_wconf 75' lang='lat' dir='ltr'><strong>lib.</strong></span> <span class='ocrx_word' id='word_1_42' title='bbox 2729 1004 2911 1097; x_wconf 80' lang='lat'><strong>(4⁰,</strong></span> <span class='ocrx_word' id='word_1_43' title='bbox 2960 1006 3075 1096; x_wconf 71' lang='grc' dir='ltr'><strong>ὅ).</strong></span> 
     </span>
    </p>

    <p class='ocr_par' dir='ltr' id='par_1_4' title="bbox 872 1149 4202 1541">
     <span class='ocr_line' id='line_1_6' title="bbox 1064 1149 4201 1257; baseline 0 -25"><span class='ocrx_word' id='word_1_44' title='bbox 1064 1152 1353 1232; x_wconf 86' lang='lat' dir='ltr'><strong>Omissa</strong></span> <span class='ocrx_word' id='word_1_45' title='bbox 1391 1153 1879 1255; x_wconf 77' lang='lat' dir='ltr'><strong>interpellatio</strong></span> <span class='ocrx_word' id='word_1_46' title='bbox 1928 1152 2156 1227; x_wconf 80' lang='lat' dir='ltr'><strong>tacita</strong></span> <span class='ocrx_word' id='word_1_47' title='bbox 2199 1149 2588 1227; x_wconf 73' lang='lat' dir='ltr'><strong>solutionis</strong></span> <span class='ocrx_word' id='word_1_48' title='bbox 2612 1149 3179 1250; x_wconf 67' lang='lat' dir='ltr'><strong>prolongatione</strong></span> <span class='ocrx_word' id='word_1_49' title='bbox 3211 1152 3461 1227; x_wconf 74' lang='lat' dir='ltr'><strong>nitituu·</strong></span> <span class='ocrx_word' id='word_1_50' title='bbox 3478 1204 3502 1247; x_wconf 89' lang='lat'>‚</span> <span class='ocrx_word' id='word_1_51' title='bbox 3553 1175 3782 1253; x_wconf 72' lang='lat' dir='ltr'><strong>usqne</strong></span> <span class='ocrx_word' id='word_1_52' title='bbox 3809 1152 3911 1231; x_wconf 80' lang='lat' dir='ltr'><strong>ad</strong></span> <span class='ocrx_word' id='word_1_53' title='bbox 3942 1164 4201 1257; x_wconf 80' lang='lat' dir='ltr'><strong>peste-</strong></span> 
     </span>
     <span class='ocr_line' id='line_1_7' title="bbox 872 1292 4202 1426; baseline 0.002 -49"><span class='ocrx_word' id='word_1_54' title='bbox 872 1305 1132 1379; x_wconf 88' lang='lat' dir='ltr'><strong>riorem</strong></span> <span class='ocrx_word' id='word_1_55' title='bbox 1178 1298 1852 1411; x_wconf 75' lang='lat' dir='ltr'><strong>interpellationem.</strong></span> <span class='ocrx_word' id='word_1_56' title='bbox 1955 1294 2205 1369; x_wconf 82' lang='lat' dir='ltr'><strong>Antea</strong></span> <span class='ocrx_word' id='word_1_57' title='bbox 2265 1292 2468 1387; x_wconf 80' lang='lat' dir='ltr'><strong>facta</strong></span> <span class='ocrx_word' id='word_1_58' title='bbox 2531 1302 2722 1373; x_wconf 84' lang='lat' dir='ltr'><strong>omni</strong></span> <span class='ocrx_word' id='word_1_59' title='bbox 2738 1353 2760 1393; x_wconf 92' lang='lat'><strong>,</strong></span> <span class='ocrx_word' id='word_1_60' title='bbox 2826 1307 2905 1377; x_wconf 82' lang='lat' dir='ltr'><strong>et</strong></span> <span class='ocrx_word' id='word_1_61' title='bbox 2975 1303 3380 1401; x_wconf 74' lang='lat' dir='ltr'><strong>praesentis</strong></span> <span class='ocrx_word' id='word_1_62' title='bbox 3444 1307 3523 1379; x_wconf 84' lang='lat' dir='ltr'><strong>et</strong></span> <span class='ocrx_word' id='word_1_63' title='bbox 3575 1298 3794 1381; x_wconf 83' lang='lat' dir='ltr'><strong>futuri</strong></span> <span class='ocrx_word' id='word_1_64' title='bbox 3841 1308 4202 1426; x_wconf 55' lang='lat' dir='ltr'><strong>⁴temporis</strong></span> 
     </span>
     <span class='ocr_line' id='line_1_8' title="bbox 874 1442 2809 1541; baseline -0.004 -17"><span class='ocrx_word' id='word_1_65' title='bbox 874 1451 1150 1527; x_wconf 86' lang='lat' dir='ltr'><strong>ratione</strong></span> <span class='ocrx_word' id='word_1_66' title='bbox 1198 1446 1458 1541; x_wconf 85' lang='lat' dir='ltr'><strong>ducta,</strong></span> <span class='ocrx_word' id='word_1_67' title='bbox 1511 1452 1717 1522; x_wconf 86' lang='lat' dir='ltr'><strong>caret</strong></span> <span class='ocrx_word' id='word_1_68' title='bbox 1765 1443 2037 1520; x_wconf 80' lang='lat' dir='ltr'><strong>effectu</strong></span> <span class='ocrx_word' id='word_1_69' title='bbox 2060 1497 2082 1537; x_wconf 88' lang='lat'>,</span> <span class='ocrx_word' id='word_1_70' title='bbox 2132 1449 2328 1523; x_wconf 82' lang='lat' dir='ltr'><strong>teste</strong></span> <span class='ocrx_word' id='word_1_71' title='bbox 2377 1442 2688 1522; x_wconf 72' lang='lat' dir='ltr'><strong>PAmo</strong></span> <span class='ocrx_word' id='word_1_72' title='bbox 2734 1446 2809 1518; x_wconf 90' lang='lat' dir='ltr'><strong>in</strong></span> 
     </span>
    </p>

    <p class='ocr_par' dir='ltr' id='par_1_5' title="bbox 872 1580 4199 2709">
     <span class='ocr_line' id='line_1_9' title="bbox 1658 1580 3040 1687; baseline 0.001 -24"><span class='ocrx_word' id='word_1_73' title='bbox 1658 1587 1708 1663; x_wconf 83' lang='lat' dir='ltr'><strong>l.</strong></span> <span class='ocrx_word' id='word_1_74' title='bbox 1749 1590 1870 1661; x_wconf 74' lang='lat'><strong>49.</strong></span> <span class='ocrx_word' id='word_1_75' title='bbox 1918 1596 1989 1679; x_wconf 69' lang='grc'><strong>9.</strong></span> <span class='ocrx_word' id='word_1_76' title='bbox 2039 1589 2117 1663; x_wconf 83' lang='grc'><strong>3.</strong></span> <span class='ocrx_word' id='word_1_77' title='bbox 2163 1585 2261 1663; x_wconf 89' lang='lat' dir='ltr'><strong>de</strong></span> <span class='ocrx_word' id='word_1_78' title='bbox 2294 1585 2538 1665; x_wconf 85' lang='lat' dir='ltr'><strong>V..0.</strong></span> <span class='ocrx_word' id='word_1_79' title='bbox 2591 1591 2769 1685; x_wconf 80' lang='lat'>(45,</span> <span class='ocrx_word' id='word_1_80' title='bbox 2833 1592 2916 1685; x_wconf 86' lang='grc'><strong>1)</strong></span> <span class='ocrx_word' id='word_1_81' title='bbox 2948 1580 3040 1687; x_wconf 67' lang='lat'><strong>⁶]-</strong></span> 
     </span>
     <span class='ocr_line' id='line_1_10' title="bbox 1064 1731 4066 1835; baseline -0 -17"><span class='ocrx_word' id='word_1_82' title='bbox 1064 1739 1349 1818; x_wconf 83' lang='lat' dir='ltr'><strong>Contra</strong></span> <span class='ocrx_word' id='word_1_83' title='bbox 1389 1736 1575 1813; x_wconf 85' lang='lat' dir='ltr'><strong>haec</strong></span> <span class='ocrx_word' id='word_1_84' title='bbox 1618 1738 1760 1813; x_wconf 86' lang='lat' dir='ltr'><strong>viri</strong></span> <span class='ocrx_word' id='word_1_85' title='bbox 1808 1733 2011 1812; x_wconf 83' lang='lat' dir='ltr'><strong>docti</strong></span> <span class='ocrx_word' id='word_1_86' title='bbox 2057 1740 2483 1832; x_wconf 77' lang='lat' dir='ltr'><strong>argumenta</strong></span> <span class='ocrx_word' id='word_1_87' title='bbox 2524 1757 2750 1835; x_wconf 66' lang='lat' dir='ltr'><strong>pomo</strong></span> <span class='ocrx_word' id='word_1_88' title='bbox 2790 1731 3144 1835; x_wconf 76' lang='lat' dir='ltr'><strong>quaedam</strong></span> <span class='ocrx_word' id='word_1_89' title='bbox 3181 1738 3458 1813; x_wconf 79' lang='lat' dir='ltr'><strong>moneri</strong></span> <span class='ocrx_word' id='word_1_90' title='bbox 3495 1735 3662 1813; x_wconf 84' lang='lat' dir='ltr'><strong>mihi</strong></span> <span class='ocrx_word' id='word_1_91' title='bbox 3705 1734 4066 1817; x_wconf 87' lang='lat' dir='ltr'><strong>videntur.</strong></span> 
     </span>
     <span class='ocr_line' id='line_1_11' title="bbox 900 1879 4199 1983; baseline -0.001 -20"><span class='ocrx_word' id='word_1_92' title='bbox 900 1920 960 1963; x_wconf 85' lang='lat'><strong>-.</strong></span> <span class='ocrx_word' id='word_1_93' title='bbox 1065 1883 1356 1981; x_wconf 71' lang='lat' dir='ltr'><strong>Regula</strong></span> <span class='ocrx_word' id='word_1_94' title='bbox 1378 1936 1399 1976; x_wconf 90' lang='lat'>‚</span> <span class='ocrx_word' id='word_1_95' title='bbox 1450 1879 1803 1959; x_wconf 76' lang='lat' dir='ltr'><strong>debitoris</strong></span> <span class='ocrx_word' id='word_1_96' title='bbox 1836 1902 2108 1956; x_wconf 84' lang='lat' dir='ltr'><strong>moram</strong></span> <span class='ocrx_word' id='word_1_97' title='bbox 2152 1879 2741 1982; x_wconf 72' lang='lat' dir='ltr'><strong>interpellatione</strong></span> <span class='ocrx_word' id='word_1_98' title='bbox 2781 1888 3052 1957; x_wconf 86' lang='lat' dir='ltr'><strong>tantum</strong></span> <span class='ocrx_word' id='word_1_99' title='bbox 3091 1883 3455 1976; x_wconf 77' lang='lat' dir='ltr'><strong>existere,</strong></span> <span class='ocrx_word' id='word_1_100' title='bbox 3505 1887 3673 1983; x_wconf 78' lang='lat' dir='ltr'><strong>quin</strong></span> <span class='ocrx_word' id='word_1_101' title='bbox 3711 1883 4048 1963; x_wconf 79' lang='lat' dir='ltr'><strong>absoluta</strong></span> <span class='ocrx_word' id='word_1_102' title='bbox 4086 1889 4199 1980; x_wconf 86' lang='lat' dir='ltr'><strong>sit,</strong></span> 
     </span>
     <span class='ocr_line' id='line_1_12' title="bbox 875 2024 4199 2131; baseline -0.001 -23"><span class='ocrx_word' id='word_1_103' title='bbox 875 2035 952 2109; x_wconf 88' lang='lat' dir='ltr'><strong>in</strong></span> <span class='ocrx_word' id='word_1_104' title='bbox 988 2027 1503 2106; x_wconf 74' lang='lat' dir='ltr'><strong>dubitationem</strong></span> <span class='ocrx_word' id='word_1_105' title='bbox 1541 2030 1909 2107; x_wconf 72' lang='lat' dir='ltr'><strong>traxerim.</strong></span> <span class='ocrx_word' id='word_1_106' title='bbox 2011 2028 2390 2126; x_wconf 81' lang='lat' dir='ltr'><strong>Nusquam</strong></span> <span class='ocrx_word' id='word_1_107' title='bbox 2419 2030 2496 2102; x_wconf 88' lang='lat' dir='ltr'><strong>in</strong></span> <span class='ocrx_word' id='word_1_108' title='bbox 2530 2024 2870 2125; x_wconf 83' lang='lat' dir='ltr'><strong>Corpore</strong></span> <span class='ocrx_word' id='word_1_109' title='bbox 2899 2025 2959 2103; x_wconf 83' lang='lat' dir='ltr'><strong>J</strong></span> <span class='ocrx_word' id='word_1_110' title='bbox 2959 2028 3108 2102; x_wconf 84' lang='lat' dir='ltr'><strong>uris</strong></span> <span class='ocrx_word' id='word_1_111' title='bbox 3137 2049 3341 2131; x_wconf 79' lang='lat' dir='ltr'><strong>mora</strong></span> <span class='ocrx_word' id='word_1_112' title='bbox 3377 2050 3478 2104; x_wconf 83' lang='lat' dir='ltr'><strong>ex</strong></span> <span class='ocrx_word' id='word_1_113' title='bbox 3509 2051 3591 2106; x_wconf 88' lang='lat' dir='ltr'><strong>re</strong></span> <span class='ocrx_word' id='word_1_114' title='bbox 3627 2028 3993 2128; x_wconf 75' lang='lat' dir='ltr'><strong>singulare</strong></span> <span class='ocrx_word' id='word_1_115' title='bbox 4028 2029 4199 2131; x_wconf 72' lang='lat' dir='ltr'><strong>quid</strong></span> 
     </span>
     <span class='ocr_line' id='line_1_13' title="bbox 872 2170 3422 2287; baseline -0.001 -36"><span class='ocrx_word' id='word_1_116' title='bbox 872 2176 1205 2268; x_wconf 69' lang='lat' dir='ltr'><strong>affertur⁹</strong></span> <span class='ocrx_word' id='word_1_117' title='bbox 1257 2173 1393 2251; x_wconf 88' lang='lat' dir='ltr'><strong>sed</strong></span> <span class='ocrx_word' id='word_1_118' title='bbox 1430 2173 1578 2251; x_wconf 89' lang='lat' dir='ltr'><strong>duo</strong></span> <span class='ocrx_word' id='word_1_119' title='bbox 1613 2197 1861 2252; x_wconf 86' lang='lat' dir='ltr'><strong>morae</strong></span> <span class='ocrx_word' id='word_1_120' title='bbox 1888 2195 2171 2287; x_wconf 80' lang='lat' dir='ltr'><strong>genera</strong></span> <span class='ocrx_word' id='word_1_121' title='bbox 2196 2182 2405 2267; x_wconf 79' lang='lat' dir='ltr'><strong>sunt,</strong></span> <span class='ocrx_word' id='word_1_122' title='bbox 2456 2197 2670 2272; x_wconf 86' lang='lat' dir='ltr'><strong>quam</strong></span> <span class='ocrx_word' id='word_1_123' title='bbox 2700 2170 3131 2251; x_wconf 71' lang='lat' dir='ltr'><strong>sententiam</strong></span> <span class='ocrx_word' id='word_1_124' title='bbox 3158 2172 3422 2276; x_wconf 77' lang='lat' dir='ltr'><strong>probat</strong></span> 
     </span>
     <span class='ocr_line' id='line_1_14' title="bbox 1663 2317 2886 2421; baseline -0.001 -27"><span class='ocrx_word' id='word_1_125' title='bbox 1663 2321 1713 2394; x_wconf 92' lang='lat' dir='ltr'><strong>l.</strong></span> <span class='ocrx_word' id='word_1_126' title='bbox 1748 2322 1870 2394; x_wconf 72' lang='lat'><strong>32.</strong></span> <span class='ocrx_word' id='word_1_127' title='bbox 1910 2344 2018 2421; x_wconf 89' lang='lat' dir='ltr'><strong>pr.</strong></span> <span class='ocrx_word' id='word_1_128' title='bbox 2052 2320 2145 2397; x_wconf 87' lang='lat' dir='ltr'><strong>D.</strong></span> <span class='ocrx_word' id='word_1_129' title='bbox 2182 2317 2278 2394; x_wconf 91' lang='lat' dir='ltr'><strong>de</strong></span> <span class='ocrx_word' id='word_1_130' title='bbox 2311 2342 2504 2392; x_wconf 83' lang='lat' dir='ltr'><strong>usur.</strong></span> <span class='ocrx_word' id='word_1_131' title='bbox 2543 2321 2722 2412; x_wconf 72' lang='lat'><strong>(22,</strong></span> <span class='ocrx_word' id='word_1_132' title='bbox 2779 2321 2886 2411; x_wconf 84' lang='lat'><strong>1).</strong></span> 
     </span>
     <span class='ocr_line' id='line_1_15' title="bbox 1163 2459 4196 2568; baseline 0 -25"><span class='ocrx_word' id='word_1_133' title='bbox 1163 2465 1379 2543; x_wconf 80' lang='lat' dir='ltr'><strong>Mora</strong></span> <span class='ocrx_word' id='word_1_134' title='bbox 1426 2463 1586 2543; x_wconf 83' lang='lat' dir='ltr'><strong>fieri</strong></span> <span class='ocrx_word' id='word_1_135' title='bbox 1622 2463 2051 2563; x_wconf 74' lang='lat' dir='ltr'><strong>intelligitur</strong></span> <span class='ocrx_word' id='word_1_136' title='bbox 2083 2485 2232 2539; x_wconf 88' lang='lat' dir='ltr'><strong>non</strong></span> <span class='ocrx_word' id='word_1_137' title='bbox 2274 2484 2375 2538; x_wconf 85' lang='lat' dir='ltr'><strong>ex</strong></span> <span class='ocrx_word' id='word_1_138' title='bbox 2416 2483 2531 2554; x_wconf 89' lang='lat' dir='ltr'><strong>re,</strong></span> <span class='ocrx_word' id='word_1_139' title='bbox 2595 2459 2736 2536; x_wconf 89' lang='lat' dir='ltr'><strong>sed</strong></span> <span class='ocrx_word' id='word_1_140' title='bbox 2776 2484 2874 2538; x_wconf 83' lang='lat' dir='ltr'><strong>ex</strong></span> <span class='ocrx_word' id='word_1_141' title='bbox 2924 2484 3242 2562; x_wconf 82' lang='lat' dir='ltr'><strong>persona</strong></span> <span class='ocrx_word' id='word_1_142' title='bbox 3260 2517 3304 2559; x_wconf 85' lang='lat'><strong>,-</strong></span> <span class='ocrx_word' id='word_1_143' title='bbox 3347 2462 3425 2539; x_wconf 85' lang='lat' dir='ltr'><strong>id</strong></span> <span class='ocrx_word' id='word_1_144' title='bbox 3470 2472 3621 2558; x_wconf 89' lang='lat' dir='ltr'><strong>est,</strong></span> <span class='ocrx_word' id='word_1_145' title='bbox 3671 2466 3738 2539; x_wconf 85' lang='lat' dir='ltr'><strong>si</strong></span> <span class='ocrx_word' id='word_1_146' title='bbox 3773 2464 4196 2568; x_wconf 76' lang='lat' dir='ltr'><strong>interpella-</strong></span> 
     </span>
     <span class='ocr_line' id='line_1_16' title="bbox 1167 2604 3935 2709; baseline 0.001 -26"><span class='ocrx_word' id='word_1_147' title='bbox 1167 2620 1284 2684; x_wconf 86' lang='lat' dir='ltr'><strong>tus</strong></span> <span class='ocrx_word' id='word_1_148' title='bbox 1315 2618 1721 2709; x_wconf 88' lang='lat' dir='ltr'><strong>opportuno</strong></span> <span class='ocrx_word' id='word_1_149' title='bbox 1754 2607 1931 2684; x_wconf 92' lang='lat' dir='ltr'><strong>loco</strong></span> <span class='ocrx_word' id='word_1_150' title='bbox 1970 2631 2118 2682; x_wconf 89' lang='lat' dir='ltr'><strong>non</strong></span> <span class='ocrx_word' id='word_1_151' title='bbox 2149 2607 2500 2698; x_wconf 82' lang='lat' dir='ltr'><strong>solverit,</strong></span> <span class='ocrx_word' id='word_1_152' title='bbox 2550 2604 2746 2704; x_wconf 87' lang='lat' dir='ltr'><strong>quod</strong></span> <span class='ocrx_word' id='word_1_153' title='bbox 2792 2605 2988 2706; x_wconf 89' lang='lat' dir='ltr'><strong>apud</strong></span> <span class='ocrx_word' id='word_1_154' title='bbox 3017 2606 3348 2708; x_wconf 85' lang='lat' dir='ltr'><strong>judicem</strong></span> <span class='ocrx_word' id='word_1_155' title='bbox 3389 2611 3935 2689; x_wconf 74' lang='lat' dir='ltr'><strong>examinabitur.</strong></span> 
     </span>
    </p>

    <p class='ocr_par' dir='ltr' id='par_1_6' title="bbox 871 2741 4199 3292">
     <span class='ocr_line' id='line_1_17' title="bbox 1064 2741 4199 2850; baseline 0.001 -21"><span class='ocrx_word' id='word_1_156' title='bbox 1064 2756 1258 2829; x_wconf 87' lang='lat' dir='ltr'><strong>Aliis</strong></span> <span class='ocrx_word' id='word_1_157' title='bbox 1305 2754 1557 2831; x_wconf 82' lang='lat' dir='ltr'><strong>verbis</strong></span> <span class='ocrx_word' id='word_1_158' title='bbox 1604 2741 2020 2829; x_wconf 71' lang='lat' dir='ltr'><strong>Marcianus</strong></span> <span class='ocrx_word' id='word_1_159' title='bbox 2058 2775 2213 2827; x_wconf 82' lang='lat' dir='ltr'><strong>rem</strong></span> <span class='ocrx_word' id='word_1_160' title='bbox 2260 2755 2360 2825; x_wconf 86' lang='lat' dir='ltr'><strong>ita</strong></span> <span class='ocrx_word' id='word_1_161' title='bbox 2412 2773 2789 2850; x_wconf 84' lang='lat' dir='ltr'><strong>exponere</strong></span> <span class='ocrx_word' id='word_1_162' title='bbox 2820 2751 3059 2829; x_wconf 80' lang='lat' dir='ltr'><strong>voluit</strong></span> <span class='ocrx_word' id='word_1_163' title='bbox 3078 2781 3102 2828; x_wconf 69' lang='grc' dir='ltr'>ι</span> <span class='ocrx_word' id='word_1_164' title='bbox 3162 2751 3506 2830; x_wconf 77' lang='lat' dir='ltr'><strong>habemus</strong></span> <span class='ocrx_word' id='word_1_165' title='bbox 3553 2760 3821 2832; x_wconf 86' lang='lat' dir='ltr'><strong>moram</strong></span> <span class='ocrx_word' id='word_1_166' title='bbox 3861 2778 3963 2833; x_wconf 80' lang='lat' dir='ltr'><strong>ex</strong></span> <span class='ocrx_word' id='word_1_167' title='bbox 3997 2780 4081 2833; x_wconf 89' lang='lat' dir='ltr'><strong>re</strong></span> <span class='ocrx_word' id='word_1_168' title='bbox 4123 2769 4199 2833; x_wconf 89' lang='lat' dir='ltr'><strong>et</strong></span> 
     </span>
     <span class='ocr_line' id='line_1_18' title="bbox 872 2896 4196 3003; baseline 0 -24"><span class='ocrx_word' id='word_1_169' title='bbox 872 2928 971 2979; x_wconf 83' lang='lat' dir='ltr'><strong>ex</strong></span> <span class='ocrx_word' id='word_1_170' title='bbox 1011 2923 1326 3001; x_wconf 87' lang='lat' dir='ltr'><strong>persona</strong></span> <span class='ocrx_word' id='word_1_171' title='bbox 1344 2954 1366 2994; x_wconf 91' lang='lat'>,</span> <span class='ocrx_word' id='word_1_172' title='bbox 1425 2897 1614 2973; x_wconf 86' lang='lat' dir='ltr'><strong>hanc</strong></span> <span class='ocrx_word' id='word_1_173' title='bbox 1653 2901 1839 2975; x_wconf 89' lang='lat' dir='ltr'><strong>enim</strong></span> <span class='ocrx_word' id='word_1_174' title='bbox 1877 2918 2093 2994; x_wconf 83' lang='lat' dir='ltr'><strong>quum</strong></span> <span class='ocrx_word' id='word_1_175' title='bbox 2137 2896 2642 2996; x_wconf 80' lang='lat' dir='ltr'><strong>interpellatus</strong></span> <span class='ocrx_word' id='word_1_176' title='bbox 2694 2920 2841 2973; x_wconf 85' lang='lat' dir='ltr'><strong>non</strong></span> <span class='ocrx_word' id='word_1_177' title='bbox 2891 2898 3144 2977; x_wconf 79' lang='lat' dir='ltr'><strong>solvat</strong></span> <span class='ocrx_word' id='word_1_178' title='bbox 3163 2954 3185 2994; x_wconf 89' lang='lat'>‚</span> <span class='ocrx_word' id='word_1_179' title='bbox 3259 2900 3458 2977; x_wconf 75' lang='lat' dir='ltr'><strong>illam</strong></span> <span class='ocrx_word' id='word_1_180' title='bbox 3505 2925 3718 3001; x_wconf 86' lang='lat' dir='ltr'><strong>quum</strong></span> <span class='ocrx_word' id='word_1_181' title='bbox 3773 2902 4196 3003; x_wconf 77' lang='lat' dir='ltr'><strong>interpella-</strong></span> 
     </span>
     <span class='ocr_line' id='line_1_19' title="bbox 872 3042 4193 3146; baseline -0 -22"><span class='ocrx_word' id='word_1_182' title='bbox 872 3051 1050 3124; x_wconf 78' lang='lat' dir='ltr'><strong>tioni</strong></span> <span class='ocrx_word' id='word_1_183' title='bbox 1092 3048 1302 3125; x_wconf 88' lang='lat' dir='ltr'><strong>locus</strong></span> <span class='ocrx_word' id='word_1_184' title='bbox 1342 3069 1491 3120; x_wconf 89' lang='lat' dir='ltr'><strong>non</strong></span> <span class='ocrx_word' id='word_1_185' title='bbox 1534 3048 1651 3119; x_wconf 90' lang='lat' dir='ltr'><strong>sit.</strong></span> <span class='ocrx_word' id='word_1_186' title='bbox 1750 3045 1839 3118; x_wconf 89' lang='lat' dir='ltr'><strong>In</strong></span> <span class='ocrx_word' id='word_1_187' title='bbox 1882 3066 2128 3120; x_wconf 85' lang='lat' dir='ltr'><strong>morae</strong></span> <span class='ocrx_word' id='word_1_188' title='bbox 2170 3066 2391 3141; x_wconf 88' lang='lat' dir='ltr'><strong>porro</strong></span> <span class='ocrx_word' id='word_1_189' title='bbox 2433 3049 2691 3117; x_wconf 88' lang='lat' dir='ltr'><strong>natura</strong></span> <span class='ocrx_word' id='word_1_190' title='bbox 2742 3042 3099 3122; x_wconf 78' lang='lat' dir='ltr'><strong>debitoris</strong></span> <span class='ocrx_word' id='word_1_191' title='bbox 3131 3045 3351 3146; x_wconf 82' lang='lat' dir='ltr'><strong>culpa</strong></span> <span class='ocrx_word' id='word_1_192' title='bbox 3399 3049 3645 3124; x_wconf 78' lang='lat' dir='ltr'><strong>inesse</strong></span> <span class='ocrx_word' id='word_1_193' title='bbox 3687 3070 3832 3124; x_wconf 90' lang='lat' dir='ltr'><strong>non</strong></span> <span class='ocrx_word' id='word_1_194' title='bbox 3879 3046 4193 3140; x_wconf 80' lang='lat' dir='ltr'><strong>videtur,</strong></span> 
     </span>
     <span class='ocr_line' id='line_1_20' title="bbox 871 3188 3905 3292; baseline 0.001 -24"><span class='ocrx_word' id='word_1_195' title='bbox 871 3197 1046 3290; x_wconf 86' lang='lat' dir='ltr'><strong>quin</strong></span> <span class='ocrx_word' id='word_1_196' title='bbox 1081 3197 1322 3292; x_wconf 88' lang='lat' dir='ltr'><strong>potius</strong></span> <span class='ocrx_word' id='word_1_197' title='bbox 1357 3192 1624 3266; x_wconf 85' lang='lat' dir='ltr'><strong>nullam</strong></span> <span class='ocrx_word' id='word_1_198' title='bbox 1650 3194 1826 3289; x_wconf 84' lang='lat' dir='ltr'><strong>jure</strong></span> <span class='ocrx_word' id='word_1_199' title='bbox 1860 3188 2177 3266; x_wconf 82' lang='lat' dir='ltr'><strong>consulti</strong></span> <span class='ocrx_word' id='word_1_200' title='bbox 2208 3188 2519 3264; x_wconf 85' lang='lat' dir='ltr'><strong>Romani</strong></span> <span class='ocrx_word' id='word_1_201' title='bbox 2555 3191 2847 3291; x_wconf 78' lang='lat' dir='ltr'><strong>culpam</strong></span> <span class='ocrx_word' id='word_1_202' title='bbox 2894 3199 3232 3291; x_wconf 82' lang='lat' dir='ltr'><strong>poscunt.</strong></span> <span class='ocrx_word' id='word_1_203' title='bbox 3327 3194 3446 3270; x_wconf 83' lang='lat' dir='ltr'><strong>Ita</strong></span> <span class='ocrx_word' id='word_1_204' title='bbox 3474 3192 3905 3272; x_wconf 68' lang='lat' dir='ltr'><strong>Pomonms</strong></span> 
     </span>
    </p>

    <p class='ocr_par' dir='ltr' id='par_1_7' title="bbox 868 3333 4193 4014">
     <span class='ocr_line' id='line_1_21' title="bbox 1672 3333 3360 3435; baseline 0.001 -26"><span class='ocrx_word' id='word_1_205' title='bbox 1672 3335 1723 3409; x_wconf 94' lang='lat' dir='ltr'><strong>l.</strong></span> <span class='ocrx_word' id='word_1_206' title='bbox 1765 3338 1836 3410; x_wconf 96' lang='grc'><strong>3.</strong></span> <span class='ocrx_word' id='word_1_207' title='bbox 1868 3344 1940 3424; x_wconf 75' lang='lat' dir='ltr'><strong>S.</strong></span> <span class='ocrx_word' id='word_1_208' title='bbox 1983 3339 2054 3409; x_wconf 87' lang='lat'><strong>4.</strong></span> <span class='ocrx_word' id='word_1_209' title='bbox 2091 3333 2188 3410; x_wconf 89' lang='lat' dir='ltr'><strong>de</strong></span> <span class='ocrx_word' id='word_1_210' title='bbox 2216 3344 2361 3410; x_wconf 85' lang='lat' dir='ltr'><strong>act.</strong></span> <span class='ocrx_word' id='word_1_211' title='bbox 2407 3358 2588 3435; x_wconf 87' lang='lat' dir='ltr'><strong>emp.</strong></span> <span class='ocrx_word' id='word_1_212' title='bbox 2632 3343 2709 3411; x_wconf 88' lang='lat' dir='ltr'><strong>et</strong></span> <span class='ocrx_word' id='word_1_213' title='bbox 2754 3334 2977 3412; x_wconf 83' lang='lat' dir='ltr'><strong>vend.</strong></span> <span class='ocrx_word' id='word_1_214' title='bbox 3017 3340 3197 3430; x_wconf 78' lang='lat'>(19,</span> <span class='ocrx_word' id='word_1_215' title='bbox 3256 3340 3360 3430; x_wconf 86' lang='grc'><strong>1).</strong></span> 
     </span>
     <span class='ocr_line' id='line_1_22' title="bbox 1165 3475 4193 3585; baseline 0.002 -28"><span class='ocrx_word' id='word_1_216' title='bbox 1165 3522 1266 3540; x_wconf 92' lang='lat'><strong>—-</strong></span> <span class='ocrx_word' id='word_1_217' title='bbox 1292 3519 1394 3540; x_wconf 89' lang='lat'><strong>--</strong></span> <span class='ocrx_word' id='word_1_218' title='bbox 1422 3505 1622 3557; x_wconf 85' lang='lat' dir='ltr'><strong>mora</strong></span> <span class='ocrx_word' id='word_1_219' title='bbox 1664 3493 1903 3559; x_wconf 86' lang='lat' dir='ltr'><strong>autem</strong></span> <span class='ocrx_word' id='word_1_220' title='bbox 1951 3480 2248 3560; x_wconf 82' lang='lat' dir='ltr'><strong>videtur</strong></span> <span class='ocrx_word' id='word_1_221' title='bbox 2288 3505 2458 3560; x_wconf 88' lang='lat' dir='ltr'><strong>esse</strong></span> <span class='ocrx_word' id='word_1_222' title='bbox 2477 3538 2498 3576; x_wconf 89' lang='lat'>‚</span> <span class='ocrx_word' id='word_1_223' title='bbox 2548 3487 2614 3556; x_wconf 90' lang='lat' dir='ltr'><strong>si</strong></span> <span class='ocrx_word' id='word_1_224' title='bbox 2655 3482 2855 3558; x_wconf 89' lang='lat' dir='ltr'><strong>nulla</strong></span> <span class='ocrx_word' id='word_1_225' title='bbox 2895 3475 3290 3562; x_wconf 82' lang='lat' dir='ltr'><strong>difficultas</strong></span> <span class='ocrx_word' id='word_1_226' title='bbox 3334 3484 3790 3564; x_wconf 84' lang='lat' dir='ltr'><strong>venditorem</strong></span> <span class='ocrx_word' id='word_1_227' title='bbox 3837 3486 4193 3585; x_wconf 86' lang='lat' dir='ltr'><strong>impediat,</strong></span> 
     </span>
     <span class='ocr_line' id='line_1_23' title="bbox 868 3627 3626 3728; baseline 0 -24"><span class='ocrx_word' id='word_1_228' title='bbox 868 3634 1235 3728; x_wconf 88' lang='lat' dir='ltr'><strong>quominus</strong></span> <span class='ocrx_word' id='word_1_229' title='bbox 1269 3629 1609 3721; x_wconf 81' lang='lat' dir='ltr'><strong>traderet,</strong></span> <span class='ocrx_word' id='word_1_230' title='bbox 1662 3632 2087 3727; x_wconf 71' lang='lat' dir='ltr'><strong>praesertim</strong></span> <span class='ocrx_word' id='word_1_231' title='bbox 2112 3633 2179 3701; x_wconf 90' lang='lat' dir='ltr'><strong>si</strong></span> <span class='ocrx_word' id='word_1_232' title='bbox 2216 3633 2412 3704; x_wconf 85' lang='lat' dir='ltr'><strong>omni</strong></span> <span class='ocrx_word' id='word_1_233' title='bbox 2441 3639 2764 3726; x_wconf 83' lang='lat' dir='ltr'><strong>tempore</strong></span> <span class='ocrx_word' id='word_1_234' title='bbox 2801 3636 3097 3728; x_wconf 81' lang='lat' dir='ltr'><strong>paratus</strong></span> <span class='ocrx_word' id='word_1_235' title='bbox 3129 3627 3265 3704; x_wconf 81' lang='lat' dir='ltr'><strong>fuit</strong></span> <span class='ocrx_word' id='word_1_236' title='bbox 3296 3630 3587 3707; x_wconf 79' lang='lat' dir='ltr'><strong>tradere</strong></span> <span class='ocrx_word' id='word_1_237' title='bbox 3606 3685 3626 3720; x_wconf 89' lang='lat'>‚</span> 
     </span>
     <span class='ocr_line' id='line_1_24' title="bbox 872 3773 1420 3852; baseline -0.011 0"><span class='ocrx_word' id='word_1_238' title='bbox 872 3773 947 3852; x_wconf 75' lang='lat' dir='ltr'><strong>et</strong></span> <span class='ocrx_word' id='word_1_239' title='bbox 989 3774 1420 3850; x_wconf 66' lang='lat' dir='ltr'><strong>Vanumus</strong></span> 
     </span>
     <span class='ocr_line' id='line_1_25' title="bbox 1662 3910 2922 4014; baseline 0.006 -28"><span class='ocrx_word' id='word_1_240' title='bbox 1662 3914 1710 3996; x_wconf 80' lang='lat'><strong>1,</strong></span> <span class='ocrx_word' id='word_1_241' title='bbox 1755 3917 1915 3987; x_wconf 77' lang='lat'><strong>13⁷.</strong></span> <span class='ocrx_word' id='word_1_242' title='bbox 1950 3917 2125 4002; x_wconf 72' lang='lat' dir='ltr'><strong>s.-4.</strong></span> <span class='ocrx_word' id='word_1_243' title='bbox 2170 3910 2267 3987; x_wconf 80' lang='lat' dir='ltr'><strong>de</strong></span> <span class='ocrx_word' id='word_1_244' title='bbox 2308 3912 2407 3987; x_wconf 86' lang='lat' dir='ltr'><strong>v.</strong></span> <span class='ocrx_word' id='word_1_245' title='bbox 2456 3912 2546 3992; x_wconf 86' lang='lat' dir='ltr'><strong>o.</strong></span> <span class='ocrx_word' id='word_1_246' title='bbox 2590 3922 2769 4014; x_wconf 78' lang='lat'>(45,</span> <span class='ocrx_word' id='word_1_247' title='bbox 2817 3924 2922 4014; x_wconf 83' lang='grc'><strong>1).</strong></span> 
     </span>
    </p>

    <p class='ocr_par' dir='ltr' id='par_1_8' title="bbox 1064 4023 4192 4168">
     <span class='ocr_line' id='line_1_26' title="bbox 1064 4023 4192 4168; baseline 0.002 -27"><span class='ocrx_word' id='word_1_248' title='bbox 1064 4023 1282 4142; x_wconf 74' lang='lat' dir='ltr'><strong>Mora</strong></span> <span class='ocrx_word' id='word_1_249' title='bbox 1334 4068 1555 4164; x_wconf 82' lang='lat' dir='ltr'><strong>igitur</strong></span> <span class='ocrx_word' id='word_1_250' title='bbox 1599 4073 1675 4140; x_wconf 89' lang='lat' dir='ltr'><strong>et</strong></span> <span class='ocrx_word' id='word_1_251' title='bbox 1720 4062 2070 4139; x_wconf 87' lang='lat' dir='ltr'><strong>debitoris</strong></span> <span class='ocrx_word' id='word_1_252' title='bbox 2120 4073 2194 4139; x_wconf 90' lang='lat' dir='ltr'><strong>et</strong></span> <span class='ocrx_word' id='word_1_253' title='bbox 2237 4063 2623 4167; x_wconf 82' lang='lat' dir='ltr'><strong>creditoris</strong></span> <span class='ocrx_word' id='word_1_254' title='bbox 2653 4069 2810 4163; x_wconf 81' lang='lat' dir='ltr'><strong>jam</strong></span> <span class='ocrx_word' id='word_1_255' title='bbox 2852 4074 3202 4166; x_wconf 82' lang='lat' dir='ltr'><strong>apparet,</strong></span> <span class='ocrx_word' id='word_1_256' title='bbox 3273 4091 3485 4167; x_wconf 88' lang='lat' dir='ltr'><strong>quum</strong></span> <span class='ocrx_word' id='word_1_257' title='bbox 3529 4090 3662 4168; x_wconf 82' lang='lat' dir='ltr'><strong>per</strong></span> <span class='ocrx_word' id='word_1_258' title='bbox 3713 4093 3873 4148; x_wconf 81' lang='lat' dir='ltr'><strong>eum</strong></span> <span class='ocrx_word' id='word_1_259' title='bbox 3917 4081 3994 4146; x_wconf 90' lang='lat' dir='ltr'><strong>et</strong></span> <span class='ocrx_word' id='word_1_260' title='bbox 4049 4096 4192 4148; x_wconf 88' lang='lat' dir='ltr'><strong>non</strong></span> 
     </span>
    </p>

    <p class='ocr_par' dir='ltr' id='par_1_9' title="bbox 871 4210 3835 4740">
     <span class='ocr_line' id='line_1_27' title="bbox 871 4210 3835 4312; baseline 0.001 -25"><span class='ocrx_word' id='word_1_261' title='bbox 871 4236 1003 4311; x_wconf 90' lang='lat' dir='ltr'><strong>per</strong></span> <span class='ocrx_word' id='word_1_262' title='bbox 1048 4211 1348 4286; x_wconf 86' lang='lat' dir='ltr'><strong>alterum</strong></span> <span class='ocrx_word' id='word_1_263' title='bbox 1387 4219 1579 4303; x_wconf 82' lang='lat' dir='ltr'><strong>stat,</strong></span> <span class='ocrx_word' id='word_1_264' title='bbox 1633 4212 2002 4308; x_wconf 87' lang='lat' dir='ltr'><strong>quominus</strong></span> <span class='ocrx_word' id='word_1_265' title='bbox 2042 4219 2245 4284; x_wconf 88' lang='lat' dir='ltr'><strong>certo</strong></span> <span class='ocrx_word' id='word_1_266' title='bbox 2279 4217 2605 4309; x_wconf 89' lang='lat' dir='ltr'><strong>tempore</strong></span> <span class='ocrx_word' id='word_1_267' title='bbox 2641 4210 2771 4285; x_wconf 83' lang='lat' dir='ltr'><strong>vel</strong></span> <span class='ocrx_word' id='word_1_268' title='bbox 2809 4218 3221 4308; x_wconf 77' lang='lat' dir='ltr'><strong>praestetur</strong></span> <span class='ocrx_word' id='word_1_269' title='bbox 3255 4212 3384 4286; x_wconf 86' lang='lat' dir='ltr'><strong>vel</strong></span> <span class='ocrx_word' id='word_1_270' title='bbox 3422 4216 3835 4312; x_wconf 78' lang='lat' dir='ltr'><strong>accipiatur.</strong></span> 
     </span>
     <span class='ocr_line' id='line_1_28' title="bbox 1653 4335 3734 4448; baseline 0.001 -21"><span class='ocrx_word' id='word_1_271' title='bbox 1653 4355 1704 4427; x_wconf 91' lang='lat'><strong>1.</strong></span> <span class='ocrx_word' id='word_1_272' title='bbox 1740 4357 1810 4427; x_wconf 79' lang='lat'><strong>5.</strong></span> <span class='ocrx_word' id='word_1_273' title='bbox 1851 4354 1943 4427; x_wconf 85' lang='lat' dir='ltr'><strong>D.</strong></span> <span class='ocrx_word' id='word_1_274' title='bbox 1984 4350 2082 4428; x_wconf 80' lang='lat' dir='ltr'><strong>de</strong></span> <span class='ocrx_word' id='word_1_275' title='bbox 2113 4353 2266 4428; x_wconf 80' lang='lat' dir='ltr'><strong>reb.</strong></span> <span class='ocrx_word' id='word_1_276' title='bbox 2302 4353 2503 4429; x_wconf 72' lang='lat' dir='ltr'><strong>cred.</strong></span> <span class='ocrx_word' id='word_1_277' title='bbox 2539 4358 2713 4448; x_wconf 73' lang='lat'><strong>(12,</strong></span> <span class='ocrx_word' id='word_1_278' title='bbox 2772 4359 2877 4447; x_wconf 82' lang='lat'><strong>1).</strong></span> <span class='ocrx_word' id='word_1_279' title='bbox 3729 4335 3734 4339; x_wconf 81' lang='grc'><strong>’</strong></span> 
     </span>
     <span class='ocr_line' id='line_1_29' title="bbox 1668 4497 3346 4595; baseline 0.001 -22"><span class='ocrx_word' id='word_1_280' title='bbox 1668 4499 1720 4573; x_wconf 93' lang='lat' dir='ltr'><strong>l.</strong></span> <span class='ocrx_word' id='word_1_281' title='bbox 1761 4502 1877 4572; x_wconf 73' lang='lat'><strong>21.</strong></span> <span class='ocrx_word' id='word_1_282' title='bbox 1920 4507 1989 4587; x_wconf 75' lang='lat' dir='ltr'><strong>s.</strong></span> <span class='ocrx_word' id='word_1_283' title='bbox 2030 4501 2103 4571; x_wconf 89' lang='grc'><strong>3.</strong></span> <span class='ocrx_word' id='word_1_284' title='bbox 2151 4498 2244 4572; x_wconf 90' lang='lat' dir='ltr'><strong>D.</strong></span> <span class='ocrx_word' id='word_1_285' title='bbox 2278 4497 2373 4574; x_wconf 90' lang='lat' dir='ltr'><strong>de</strong></span> <span class='ocrx_word' id='word_1_286' title='bbox 2406 4510 2548 4574; x_wconf 88' lang='lat' dir='ltr'><strong>act.</strong></span> <span class='ocrx_word' id='word_1_287' title='bbox 2596 4523 2661 4574; x_wconf 91' lang='lat' dir='ltr'><strong>e.</strong></span> <span class='ocrx_word' id='word_1_288' title='bbox 2691 4506 2869 4574; x_wconf 83' lang='lat' dir='ltr'><strong>etv.</strong></span> <span class='ocrx_word' id='word_1_289' title='bbox 2908 4503 3083 4594; x_wconf 75' lang='lat'>(19,</span> <span class='ocrx_word' id='word_1_290' title='bbox 3144 4505 3262 4595; x_wconf 84' lang='grc'><strong>1)..</strong></span> <span class='ocrx_word' id='word_1_291' title='bbox 3337 4565 3346 4574; x_wconf 69' lang='grc'><strong>,</strong></span> 
     </span>
     <span class='ocr_line' id='line_1_30' title="bbox 1657 4640 2831 4740; baseline 0.001 -26"><span class='ocrx_word' id='word_1_292' title='bbox 1657 4642 1706 4714; x_wconf 84' lang='grc'><strong>1.</strong></span> <span class='ocrx_word' id='word_1_293' title='bbox 1747 4645 1906 4715; x_wconf 83' lang='grc'><strong>114.</strong></span> <span class='ocrx_word' id='word_1_294' title='bbox 1946 4641 2038 4715; x_wconf 85' lang='grc'><strong>1).</strong></span> <span class='ocrx_word' id='word_1_295' title='bbox 2082 4640 2178 4717; x_wconf 81' lang='lat' dir='ltr'><strong>de</strong></span> <span class='ocrx_word' id='word_1_296' title='bbox 2218 4641 2451 4736; x_wconf 48' lang='lat' dir='ltr'><strong>v.‚0.</strong></span> <span class='ocrx_word' id='word_1_297' title='bbox 2499 4645 2831 4740; x_wconf 50' lang='lat'><strong>(452¹)-</strong></span> 
     </span>
    </p>
   </div>
   <div class='ocr_carea' id='block_1_3' title="bbox 935 4789 2570 4903">
    <p class='ocr_par' dir='ltr' id='par_1_10' title="bbox 935 4789 2570 4903">
     <span class='ocr_line' id='line_1_31' title="bbox 935 4789 2570 4903; baseline 0.001 -20"><span class='ocrx_word' id='word_1_298' title='bbox 935 4831 999 4896; x_wconf 69' lang='lat'><strong>6)</strong></span> <span class='ocrx_word' id='word_1_299' title='bbox 1035 4832 1368 4884; x_wconf 66' lang='lat' dir='ltr'><strong>&amp;uuonan</strong></span> <span class='ocrx_word' id='word_1_300' title='bbox 1401 4831 1615 4896; x_wconf 73' lang='lat' dir='ltr'><strong>(munt</strong></span> <span class='ocrx_word' id='word_1_301' title='bbox 1654 4831 1870 4884; x_wconf 67' lang='lat' dir='ltr'><strong>Ztsclcr.</strong></span> <span class='ocrx_word' id='word_1_302' title='bbox 1905 4832 1940 4884; x_wconf 78' lang='grc' dir='ltr'><strong>Ι.</strong></span> <span class='ocrx_word' id='word_1_303' title='bbox 1978 4834 2052 4898; x_wconf 87' lang='lat' dir='ltr'><strong>e.)</strong></span> <span class='ocrx_word' id='word_1_304' title='bbox 2086 4848 2208 4903; x_wconf 71' lang='lat' dir='ltr'><strong>pag.</strong></span> <span class='ocrx_word' id='word_1_305' title='bbox 2245 4789 2570 4886; x_wconf 69' lang='lat' dir='ltr'><strong>18⁰—le</strong></span> 
     </span>
    </p>
   </div>
  </div>
 </body>
</html>
