4782 6002
3880 569 4016 644 18

596 779 958 838 manorum
1005 753 1241 854 longo
1292 757 1623 854 tempore
1657 755 1812 853 jam
1862 760 2165 855 recepta
2210 755 2650 852 floruerunt,
2730 760 2805 832 et
2852 758 3128 859 populo
3159 762 3596 858 germanico
3647 768 3718 837 et
3767 760 4005 841 doctis

595 871 777 981 satis
826 902 1125 1001 cognita
1172 898 1485 974 fuerunt.
3036 999 3042 1010 ν

792 1044 897 1127 Π,
994 1040 1373 1118 Nonnulla
1408 1044 1643 1116 autem
1688 1045 1858 1116 sunt
1904 1041 1982 1114 in
2021 1042 2193 1140 jure
2230 1035 2567 1128 Gallico,
2615 1059 2806 1136 quae
2854 1060 2940 1116 re
2984 1060 3167 1116 vera
3197 1041 3316 1116 ‘ex
3365 1042 4008 1121 consuetudinibus

595 1185 872 1262 nostris
947 1179 1261 1257 collecta
1319 1185 1527 1275 suut,
1607 1187 1683 1256 et
1742 1177 2145 1257 rationibus
2206 1179 2485 1254 nostris
2552 1177 2771 1278 plane
2851 1182 3317 1256 conveniunt.
3442 1180 3828 1281 EJusmodi
3895 1192 4010 1261 est

596 1324 935 1434 doctrina
982 1321 1079 1397 de
1127 1319 1347 1398 rebus
1414 1319 1559 1395 soli
1610 1328 1684 1397 et
1732 1319 1829 1397 de
1886 1321 2172 1421 juribus
2236 1322 2313 1395 in
2374 1320 2595 1395 rebus
2662 1319 2850 1416 soli,
2931 1329 3249 1424 excepta
3313 1345 3397 1397 re
3465 1322 4007 1424 hypothecaria.

595 1465 768 1542 Hoc
814 1469 1300 1563 argumentum
1352 1461 1541 1538 bene
1587 1468 1844 1538 tractat
1890 1461 2076 1538 liber
2124 1460 2409 1539 codicis
2457 1460 2845 1554 secundus.

795 1606 883 1682 In
924 1608 1097 1704 jure
1143 1602 1517 1698 Romano,
1588 1605 1729 1680 etsi
1796 1628 2013 1678 sanas
2062 1605 2383 1679 rationes
2450 1601 2744 1680 dominii
2809 1610 2885 1680 et
2950 1606 3382 1680 servitutum
3443 1604 3702 1700 tradit,
3791 1607 4003 1708 plura

595 1757 829 1825 tamen
878 1743 1197 1848 pendent
1242 1768 1345 1821 ex
1391 1746 1684 1844 antiquo
1735 1741 2149 1822 discrimine
2194 1766 2430 1820 rerum
2481 1745 2790 1843 mancipi
2840 1748 2917 1818 et
2963 1765 3106 1821 nec
3153 1748 3501 1846 mancipis
3569 1754 3647 1822 et
3717 1769 3817 1822 ex
3866 1769 4001 1824 ac-

596 1889 979 1989 quisitione
1029 1884 1439 1964 discrimine
1484 1883 1724 1960 hocce
1777 1891 1977 1977 orta,
2052 1905 2238 1982 quae
2300 1883 2397 1958 ad
2462 1882 2940 1986 acquirendas
2988 1888 3389 1962 servitutes
3440 1885 3998 1979 extendebatur,

596 2036 773 2107 tunc
821 2051 923 2106 ex
955 2030 1270 2130 propriis
1321 2025 1713 2102 rationibus
1761 2028 2069 2120 viarum5
2114 2021 2634 2120 aedificiorum,
2688 2025 3044 2121 luminum,
3095 2027 3480 2103 insularum
3503 2033 3601 2123 1),
3655 2050 4000 2126 arearum,

596 2173 1037 2274 porticuum,
1090 2191 1277 2267 quae
1328 2167 1589 2266 ubique
1638 2191 1684 2242 a
1730 2170 2000 2243 nostris
2049 2166 2267 2242 rebus
2312 2164 2531 2265 plane
2579 2163 2820 2241 aliena
2876 2172 3064 2244 suut.

792 2310 938 2387 Jus
986 2308 1713 2388 Franco-Gallicum
1760 2331 1948 2384 vero
2001 2332 2101 2384 ex
2147 2305 2470 2382 moribus
2516 2304 2788 2382 urbium
2838 2305 3358 2386 Francicarum
3409 2317 3483 2384 et
3529 2307 4002 2385 Germanica-

595 2478 785 2547 rum,
833 2453 1254 2553 praesertim
1288 2451 1810 2545 parisinorum,
1863 2472 1989 2525 ex.
2009 2445 2270 2526 finibus
2319 2454 2394 2522 et
2443 2446 2724 2522 cultura
2772 2469 3111 2545 agrorum
3161 2452 3551 2544 germanici
3601 2454 3853 2543 moris,
3905 2474 4006 2527 ex

600 2594 977 2670 vicinitate
1027 2598 1105 2670 et
1150 2617 1285 2668 usu
1333 2591 1661 2668 locorum
1730 2595 1991 2668 cuncta
2051 2587 2336 2666 derivat
2385 2591 2462 2659 et
2538 2582 2924 2679 describit,
3003 2596 3083 2661 et
3153 2586 3387 2662 solum
3436 2585 3632 2685 quod
3727 2586 4008 2666 adtinet

597 2734 692 2810 ad
742 2757 1033 2832 aquam,
1085 2732 1397 2827 fontem,
1446 2731 1734 2831 aliaque
1785 2729 1881 2806 ad
1929 2727 2118 2805 hanc
2184 2752 2336 2805 rem
2399 2731 2803 2832 spectantia
2865 2733 3188 2807 rationes
3252 2737 3327 2807 et
3391 2733 3748 2833 principia
3808 2735 4003 2832 juris

595 2875 906 2952 Romani
953 2876 1238 2974 recipit.
2521 2959 2527 2964 ⁴

801 3013 987 3094 Cum
1038 3014 1345 3114 denique
1392 3015 1470 3091 in
1516 3012 1779 3090 eodem
1828 3013 2023 3091 libro
2063 3019 2238 3116 jura
2286 3015 2641 3115 abrogata
2690 3017 2871 3111 sint,
2940 3038 3125 3116 quae
3175 3012 3347 3092 olim
3396 3013 3811 3110 ordinibus,
3863 3038 4006 3091 uo-

599 3155 902 3253 bilibus,
982 3157 1271 3233 clericis
1320 3165 1394 3232 et
1441 3158 1735 3253 antiquo
1789 3156 1944 3255 juri
2009 3153 2306 3256 publico
2376 3131 2641 3254 amica,
2726 3158 3086 3258 novisque
3151 3157 3370 3233 rebus
3417 3158 3707 3232 inimica
3756 3164 3956 3232 erant
3976 3211 3999 3252 ,

600 3321 692 3374 ea
739 3296 950 3388 dico,
1002 3319 1187 3395 quae
1235 3294 1332 3371 ad
1381 3297 1771 3397 privilegia
1817 3297 2070 3394 regiae
2118 3301 2508 3396 potestatis
2555 3303 2626 3374 in
2677 3299 2897 3375 rebus
2943 3300 3252 3400 privatis
3279 3353 3300 3393 ,
3353 3301 3779 3399 patrimonia
3810 3301 4005 3398 juris

598 3437 915 3542 publici,
958 3441 1131 3538 jura
1176 3436 1440 3532 realia,
1491 3436 1828 3513 bannalia
1848 3491 1874 3525 ‚
1921 3434 2363 3532 decimandi‚
2438 3438 2803 3515 ecclesiae
2852 3446 3225 3540 spectant,
3293 3462 3607 3516 amorem
3656 3447 3730 3516 et
3780 3439 4008 3515 bene-

606 3581 1005 3659 volentiam
1054 3579 1515 3680 plurimorum
1536 3633 1561 3674 ‚
1614 3600 1798 3677 quos
1847 3575 2291 3679 appellamus
2335 3578 2678 3678 populum
2699 3632 2722 3674 ,
2794 3582 3186 3681 praecipue
3234 3579 3370 3657 sibi
3420 3581 3844 3658 conciliavit
3890 3577 4016 3687 le·-

600 3721 931 3822 gislator.
1033 3721 1226 3796 Hinc
1275 3742 1464 3796 vero
1515 3727 1676 3796 orta
1726 3727 1839 3794 est
1898 3716 2192 3816 indigna
2243 3721 2578 3818 autiquae
2633 3719 3035 3796 nobilitatis
3105 3720 3203 3797 de
3261 3719 3374 3796 his
3440 3720 3728 3819 legibus
3785 3722 4010 3796 aesti-

602 3866 859 3959 matio,
913 3886 1013 3940 ex
1056 3885 1198 3962 quo
1240 3865 1604 3961 sequitur,
1685 3859 2019 3940 codicem
2065 3860 2644 3936 Nuonnonntm
2711 3884 2856 3938 nou
2922 3883 3092 3938 esse
3145 3863 3599 3960 germanicae
3662 3858 4008 3938 historiae

598 4004 832 4105 ipsius
881 4029 1130 4106 purum
1156 4059 1177 4100 ‚
1241 4007 1339 4079 uti
1392 4004 1719 4080 nonnulli
1778 4001 2069 4098 dicunt,
2139 4001 2640 4079 documentum
2675 4057 2698 4098 ,
2774 4000 2911 4078 sed
2967 4024 3314 4079 novarum
3373 4023 3609 4077 rerum
3665 4000 4006 4104 politica-

599 4168 755 4220 rum
797 4126 1027 4219 fllium*
1062 4148 1263 4243 quasi
1327 4146 1788 4244 unigenitum.
1835 4184 1938 4211 —-
3495 4232 3504 4239 ¹

803 4284 938 4360 ΠΙ.
1035 4286 1119 4363 In
1184 4288 1500 4383 negotiis
1557 4289 1743 4361 inter
1796 4287 2027 4363 vivos
2096 4284 2229 4361 vel
2291 4285 2544 4359 mortis
2600 4304 2872 4378 causa,
2961 4304 3149 4382 quae
3222 4288 3617 4358 tractantur
3688 4282 3760 4356 iu
3821 4279 4009 4357 libro

760 4556 839 4640 1)
886 4566 981 4624 Do
1018 4563 1349 4629 luminibus
1387 4570 1451 4625 et
1488 4565 1709 4625 insulis
1750 4566 1942 4627 mults
1980 4561 2168 4623 «lubin
2202 4567 2652 4625 remanserunt.
2746 4561 2975 4623 Videas
3044 4560 3375 4621 doctrinam
3432 4560 3510 4620 de
3548 4560 3791 4620 servitt-
3833 4565 3897 4621 et
3935 4560 4012 4619 de
4041 4530 4060 4538 ’

602 4668 841 4732 insulis.
944 4661 1194 4732 Pittaci
1246 4673 1433 4731 lexic.
1493 4672 1725 4746 antiqu,
1779 4673 1951 4732 Rom.
2004 4686 2161 4730 voce
2213 4669 2456 4731 insula:
2509 4668 2757 4726 Tacitus
2817 4667 3046 4727 Annal-
3100 4667 3239 4726 XV.
3289 4666 3413 4725 48.
3523 4667 3777 4726 Dureau
3830 4664 3907 4722 de
3948 4665 4013 4722 ln

598 4774 799 4833 nulle
839 4772 1171 4849 (Momoire
1233 4775 1343 4837 des
1370 4776 1791 4854 -mcrlptions
1845 4775 1971 4836 vol.
2010 4775 2159 4837 ΧΠ.
2224 4775 2291 4835 2.
2326 4785 2470 4849 pag.
2526 4771 2695 4839 23⁷.
2748 4785 2926 4847 sequ.
3007 4770 3265 4833 Journal
3324 4769 3434 4832 des
3493 4772 3760 4834 savants
3802 4764 4010 4833 leae.

601 4879 775 4965 Aout
808 4895 866 4956 p.
906 4875 1058 4942 487.
1108 4884 1117 4889 “
1382 4908 1389 4917 ν
