4782 6002
2256 359 2782 448 ...⁸—

970 617 979 626 .
1032 568 1296 668 sm
1332 567 1503 644 ,Εαί
1551 564 1787 658 niet,
1840 570 1979 657 ut,.
2018 562 2139 662 qui
2185 560 2802 663 aliquidprobare
2845 561 3140 663 volum,
3189 562 3289 643 ad
3333 568 3876 646 sustentandam
3921 580 4173 649 sente·

850 712 1225 794 nna-min
1262 708 2011 802 illisvcleviorihus,
2072 730 2267 808 qne
2314 705 2414 782 ad
2457 731 2610 784 rem
2655 711 2881 808 ipsam
2929 732 3078 784 non
3116 720 3492 810 spectent,
3564 725 3871 791 utantur.
3970 716 4175 794 Iden

850 859 1041 944 fecit
1077 857 1649 958 Semnum,
1692 873 1901 954 quum
1940 860 2197 954 pacta,
2247 853 2508 952 quibus
2552 877 2799 931 morae
2848 857 3157 934 effectus
3205 861 3340 953 ita,
3388 868 3469 934 ut
3517 863 4010 962 interpellatio
4059 865 4174 937 in·-

850 1032 1071 1109 super
1118 1030 1264 1082 non
1315 1004 1662 1097 accedat,
1710 1006 2282 1094 constituuntur,
2321 1009 2850 1075 commemoret.
2952 999 3144 1077 Sed·
3164 1000 3349 1080 haec
3397 1016 3609 1104 pacta
3658 1012 4172 1105 quaestionem,

849 1152 946 1231 de
993 1178 1133 1255 qua
1198 1156 1468 1250 agitur,
1538 1173 1684 1224 nou
1734 1157 2054 1246 tangunt.
2178 1146 2431 1222 Paetis
2492 1168 2760 1221 moraee
2784 1147 3093 1224 effectus
3141 1148 3342 1224 nulla
3389 1148 3709 1228 adhibita
3755 1156 4173 1254 interpella·

824 1304 1049 1375 'tione
1110 1302 1437 1397 componi
1498 1318 1763 1397 posse,
1833 1313 2042 1370 nemo
2078 1293 2424 1391 negabit.
2551 1293 2902 1384 Quaestio
2967 1302 3126 1370 est=
3197 1319 3291 1370 an
3351 1296 3478 1374 die
3539 1307 3743 1375 certo
3799 1300 3895 1377 ad
3955 1325 4172 1402 prae-

851 1443 1180 1520 standum
1228 1444 1381 1516 fixo
1434 1450 1510 1516 et
1558 1440 1843 1537 legales
1895 1448 1973 1515 et
2021 1437 2628 1524 conventionales
2654 1462 2899 1514 morae
2935 1441 3263 1537 effectus,
3314 1442 3773 1541 praestandis
3805 1456 4007 1521 certo
4047 1445 4168 1524 die

850 1613 994 1664 non
1042 1591 1408 1690 praestitis
1430 1643 1451 1681 ,
1522 1591 1681 1661 sine
1733 1586 2319 1684 interpellatione
2365 1582 2652 1661 ferendi
2695 1590 2878 1680 sint,
2952 1609 3096 1663 uec
3139 1585 3287 1662 ne?
3374 1590 3463 1663 In
3505 1591 3638 1684 iis,
3705 1613 3890 1689 quae
3957 1617 4175 1692 supra

848 1738 1141 1835 scripsi,
1206 1732 1355 1807 diei
1405 1734 1587 1806 certi
1635 1738 1981 1808 naturam.
2005 1730 2309 1828 regulae
2358 1727 2580 1823 „dies'
2615 1732 3032 1832 interpellat
3079 1755 3216 1833 pro
3259 1733 3591 1811 homine“
3634 1734 3930 1831 favere,
3999 1761 4175 1837 pro-

848 1882 1027 1957 bare
1072 1875 1339 1954 studui.
1432 1879 1759 1976 mn
1806 1885 1891 1952 iit
1934 1899 2064 1972 ea,
2129 1897 2315 1974 quac
2352 1879 2538 1975 jure
2579 1877 2890 1952 musulti
2935 1878 3243 1953 Romani
3290 1879 3429 1957 hae
3478 1877 3576 1958 de
3624 1905 3709 1957 re
3767 1886 4174 1980 cogitarim,

851 2030 1289 2121 examinem
1356 2053 1569 2127 quan
1633 2028 1733 2102 'ub
1752 2059 1763 2070 ·
1783 2049 1933 2104 reu
1980 2029 2261 2112 omissis
2306 2025 2640 2099 omnibus
2658 2080 2680 2121 ‚
2756 2047 2942 2124 quae
2990 2047 3137 2100 non
3188 2034 3528 2108 accurate
3575 2027 3762 2104 hauc
3811 2031 4175 2130 quaestio-

851 2194 1013 2248 nem
1060 2180 1375 2249 tmctant
1394 2223 1417 2267 ‚
1466 2174 1676 2270 leges
1723 2197 1771 2246 a
1821 2171 2317 2250 Sammo
2358 2173 2634 2246 citatas
2680 2149 3063 2270 exponam.
3162 2169 3266 2248 Et
3304 2175 3462 2271 jam
3511 2176 3803 2274 primum

1522 2319 1967 2407 .i.2⁶.-s.
2025 2321 2089 2391 1.·
2144 2317 2365 2391 Lea.
2414 2339 2523 2415 pr.
2576 2318 2697 2390 eit.

853 2487 999 2540 non
1064 2460 1551 2563 negligendae
1615 2485 1784 2537 esse
1850 2461 2217 2540 videntur.
2360 2461 2650 2562 Optime
2716 2461 3141 2578 Tmnnus
3199 2460 3300 2558 ¹³]
3374 2464 3508 2542 has
3569 2467 3780 2566 leges
3814 2524 3836 2564 ‚
3929 2492 4176 2570 quam-

853 2636 1059 2712 quam
1111 2610 1642 2687 Scnnomnnoe
1683 2603 1783 2703 ¹2]
1832 2608 2313 2705 contradicit,
2385 2614 2904 2709 interpretatus
2966 2618 3105 2688 est.
3203 2612 3385 2688 Alio
3434 2611 3651 2689 modo
3705 2614 4176 2693 Sermonum

854 2760 1256 2858 opinionem
1304 2754 1666 2832 refutandi
1716 2755 2108 2854 periculam
2158 2753 2438 2832 faciam.
2538 2756 2910 2834 Ufflms
2960 2762 3144 2840 enim
3191 2759 3354 2835 aliis
3403 2760 3653 2836 verbis
3699 2764 3801 2835 ita
3843 2765 4174 2862 scripsitz

853 2908 918 2978 si
967 2905 1273 2999 ancilla,
1348 2906 1465 2979 cui
1516 2900 2176 2978 fideicommissaria
2237 2901 2538 2977 libertas
2563 2955 2586 2996 ‚
2654 2900 2958 3001 adjecto
3008 2899 3167 2996 die,
3233 2859 3493 2979 relicta
3540 2911 3697 2997 est,
3771 2905 4051 2980 interea
4101 2911 4176 2978 et

856 3050 1136 3152 quidem
1179 3058 1348 3152 post
1395 3050 1585 3126 diem
1633 3058 1910 3128 certum
1958 3052 2184 3125 enixa
2232 3047 2450 3124 fuerit
2473 3103 2495 3143 ,
2556 3054 2808 3148 partus
2874 3050 3265 3123 manumitti
3324 3046 3468 3125 dici
3518 3048 3741 3126 debet
3765 3103 3787 3143 ‚
3864 3054 4029 3151 quia
4078 3072 4177 3126 ex

856 3219 939 3274 re
985 3219 1186 3272 mora
1231 3197 1431 3273 facta
1480 3174 1648 3271 esse
1695 3193 2018 3290 videtui-3
2086 3198 2150 3269 si
2198 3217 2385 3273 vcro
2436 3193 3093 3270 fideicommssaria
3139 3176 3436 3273 libbi-tas
3483 3199 3643 3273 sine
3705 3196 3825 3273 die
3871 3194 4177 3297 adjecto

854 3343 1114 3419 relicta
1161 3350 1313 3436 aet,
1362 3349 1610 3440 partus
1658 3349 1828 3441 post
1876 3343 2121 3416 matris
2167 3339 2817 3440 interpellationem
2863 3341 3224 3438 ingenuus
3266 3340 3368 3416 fit.
3446 3340 3666 3416 Ratio
3687 3396 3709 3436 ,
3761 3366 3973 3442 quam
4021 3340 4177 3419 Un-

857 3513 1110 3565 rmws
1162 3497 1443 3583 narrat,
1495 3496 1608 3565 est
1660 3487 1788 3579 vd
1837 3491 2167 3587 ignavia,
2200 3488 2348 3564 -vel
2381 3485 2720 3562 timiditas
2751 3507 3041 3582 eorum,
3089 3487 3350 3585 quibus
3398 3488 3850 3588 relinquitur,
3901 3488 4032 3565 vel
4061 3491 4177 3586 ig-

857 3637 1187 3709 norantia
1223 3636 1415 3731 juris
1464 3636 1575 3705 sui
1594 3687 1614 3726 ‚
1666 3631 1796 3709 vel
1844 3634 2239 3706 auctoritas
2286 3640 2363 3705 et
2414 3631 2727 3728 dignitas
2781 3655 3059 3727 eorum,
3110 3657 3157 3706 a
3206 3632 3463 3732 quibus
3512 3632 3762 3709 relicta
3802 3640 3917 3709 est
3950 3632 4178 3710 liber-

856 3788 974 3853 tas
1022 3775 1590 3853 fideicommissa.
1688 3775 1966 3849 Eadem
1988 3829 2010 3869 ‚
2059 3799 2250 3873 quae
2286 3779 2446 3874 jam
2491 3784 2973 3873 exposuerat,
3022 3779 3125 3851 ita
3170 3777 3471 3876 repetit=
3522 3779 3814 3873 ingenui
3861 3801 4177 3854 nascun-

860 3934 1010 4018 tur,
1061 3945 1163 3999 ex
1213 3942 1353 4020 quo
1401 3942 1602 3997 mora
1648 3918 1965 3995 libertati
2016 3916 2216 3995 facta
2265 3926 2379 3995 est
2407 3917 2525 4012 (id
2574 3929 2725 3996 est:
2777 3920 2896 3996 uhi
2937 3946 3141 3998 mora
3185 3944 3288 3999 cx
3333 3946 3649 4023 persona
3697 3921 3973 4019 adest),
4022 3948 4176 3999 ma-

859 4072 1136 4144 numitti
1181 4075 1459 4171 partum
1504 4063 1649 4141 dici
1699 4063 1922 4141 debet
1941 4121 1963 4160 ‚
2012 4089 2116 4142 ex
2165 4089 2308 4166 quo
2358 4069 2507 4166 peti
2555 4064 2858 4145 libertas
2904 4070 3175 4167 potuit,
3240 4069 3566 4167 quamvis
3614 4091 3760 4142 non
3808 4072 3904 4144 sit
3952 4074 4176 4169 petita

863 4213 981 4310 (id
1028 4224 1175 4291 est:
1239 4214 1360 4290 ubi
1406 4236 1607 4290 mora
1654 4236 1755 4290 ex
1802 4236 1887 4288 re
1933 4210 2210 4306 adest).
2310 4213 2528 4286 Hanc
2587 4212 3016 4287 seutentiam
3065 4211 3479 4286 Marcianus
3528 4212 3575 4285 l.
3627 4212 3749 4286 53.
3800 4215 3918 4289 cit.
3968 4236 4172 4316 quam

861 4364 1123 4462 optime
1171 4361 1450 4462 probat.
1553 4358 1641 4436 Si
1696 4363 1858 4460 quis
1906 4369 2208 4458 rogatus
2257 4360 2588 4436 ancillam
2633 4360 3114 4451 manumittat,
3162 4379 3430 4432 moram
3471 4356 3736 4434 fecerit
3778 4364 3920 4457 (sc.
3955 4381 4169 4457 prae-

861 4511 988 4595 via
1032 4507 1341 4585 ancillae
1402 4507 2061 4607 interpellatione),
2120 4513 2373 4607 partus
2435 4503 2624 4580 liber
2673 4511 2752 4581 et
2795 4503 3081 4604 quidem
3130 4505 3482 4603 ingenuus
3533 4511 3866 4583 nascitur.
3963 4499 4170 4582 Idem

927 4713 1027 4783 18)
1060 4714 1222 4769 Arci.
1248 4717 1303 4783 s.
1335 4713 1435 4768 σέο.
1468 4713 1560 4767 Pr.
1592 4710 1737 4767 XVI.
1772 4728 1899 4781 pug-
1934 4710 2257 4765 loz-194.

928 4825 1026 4894 14)
1063 4827 1254 4882 lamo!
1286 4825 1497 4881 Zuckr.
1517 4821 1654 4879 'V11.
1687 4838 1813 4894 pag.
1851 4821 2027 4876 118-
2041 4820 2172 4881 118.
