4782 6002
2070 486 2189 571 17

420 741 494 807 V.
542 716 3819 810 ta--chmtz-x.melampugnnubusmdnetiovnaetcuoffrridentsess.

394 824 526 937 ab.
569 866 656 935 de
692 865 965 933 reform.
1009 879 1069 929 c.
1105 861 1207 925 19.
1250 873 1379 942 qno
1418 852 1680 938 quidem
1718 847 2108 933 statuitur‚“
2147 853 2221 915 ut
2256 864 2491 913 omnes
2532 846 2868 932 principes
2910 862 3186 931 querum
3225 851 3300 913 in
3335 850 3691 917 territoriis
3735 851 3822 916 iis

423 997 718 1066 „nafis
759 987 1222 1061 monomachia
1259 983 1676 1062 conficiatur,
1718 996 1802 1047 eo
1844 979 1991 1064 ipso
2032 979 2173 1045 siat
2212 974 2759 1043 exeommunicati
2795 991 2882 1040 ac
2907 973 3375 1059 jnrisdictione
3417 983 3491 1046 et
3529 977 3827 1045 dominio

425 1126 766 1206 civitatis,
832 1119 1083 1202 castri,
1141 1119 1259 1183 aut
1294 1114 1465 1197 loci,
1533 1114 1605 1177 in
1647 1127 1776 1195 quo
1832 1108 1950 1174 vel
2004 1102 2181 1193 apud
2242 1120 2438 1190 quem
2489 1102 2784 1171 dueilum
2821 1103 2968 1169 tim-i
3008 1105 3470 1187 permiserint.
3532 1105 3704 1192 quod
3743 1107 3834 1171 ab

430 1252 758 1320 Ecclesia
812 1247 1150 1327 obfinent,
1212 1241 1457 1328 privati
1516 1237 2019 1321 intellig-antur,
2082 1234 2155 1300 et
2206 1231 2270 1297 si
2325 1228 2619 1299 feudalia
2680 1232 2857 1316 sint,
2926 1229 3196 1298 directis
3265 1229 3544 1298 domnis
3602 1236 3829 1301 statim

433 1377 903 1464 acquirantur„
961 1370 1085 1453 Qui
1123 1386 1286 1436 vero
1326 1382 1631 1454 pugnam
1669 1363 2151 1445 commiserint,
2196 1370 2269 1433 et
2308 1367 2421 1452 qui
2461 1382 2688 1431 eorum
2727 1366 2986 1433 Patrini
3024 1373 3383 1459 vocantur-3
3447 1385 3829 1437 excommu-

434 1504 792 1572 nicationis
822 1519 930 1568 .ac
982 1497 1260 1566 omnium
1303 1498 1619 1565 bonorum
1674 1510 1943 1560 suorum
1983 1494 2495 1580 proscriptionis
2532 1512 2617 1562 ac
2653 1499 3022 1582 perpetuae
3063 1494 3369 1563 infamiae
3407 1516 3685 1584 poenam
3725 1501 3837 1567 in..

435 1636 744 1717 currant,
810 1634 878 1698 et
926 1635 1000 1695 ut
1062 1625 1432 1695 homicidae
1468 1626 1667 1710 juxta
1705 1638 1941 1688 sacros
1984 1620 2295 1690 canones
2344 1624 2562 1708 puniri
2602 1624 2914 1691 debeant.
2996 1624 3090 1691 Et
3129 1627 3190 1690 si
3227 1627 3296 1691 in
3333 1629 3481 1713 ipso
3524 1631 3831 1696 conflictu

440 1759 864 1826 decesserint
917 1759 1244 1841 perpetuo
1301 1755 1581 1820 careant
1632 1749 2103 1816 ecclesiastica
2140 1751 2503 1839 sepultura.
2584 1751 2696 1817 Illi
2736 1753 2937 1819 etiam
2976 1755 3089 1838 qui
3128 1756 3473 1821 consilium
3512 1759 3584 1823 in
3628 1774 3838 1823 causa

440 1885 681 1969 duelli,
752 1889 885 1951 tam
935 1885 1007 1950 in
1049 1887 1205 1969 jure
1245 1898 1443 1968 quam
1502 1878 1689 1945 facto
1728 1876 2076 1958 dederint,
2140 1882 2260 1946 aut
2299 1879 2435 1944 alia
2476 1895 2868 1964 quacunque
2905 1880 3165 1946 ratione
3206 1881 3292 1946 ad
3334 1883 3404 1948 id
3443 1902 3836 1970 quemquam

442 2013 807 2098 suaserint,
867 2030 997 2079 nec
1046 2029 1181 2079 non
1242 2013 1669 2097 spectatores
1719 2006 2418 2075 excommunicationis
2476 2022 2559 2073 ac
2609 2009 2974 2093 perpetuae
3023 2006 3508 2075 maledictionis
3565 2011 3832 2077 vinculo

436 2146 823 2224 teneantur,
889 2159 1025 2207 non
1072 2141 1388 2209 obstante
1442 2152 1838 2224 quocunque
1894 2120 2290 2224 privilegio,
2354 2151 2478 2202 sen
2536 2152 2749 2220 prava
2797 2138 3282 2207 consuetudine
3343 2138 3543 2205 etiam
3604 2139 3842 2204 imme-.

434 2270 757 2339 noriali.“

672 2397 1026 2467 Maximam
1078 2400 1151 2465 in
1209 2393 1716 2481 exstinguendo
1764 2391 1971 2459 duelli
2024 2412 2150 2461 usu
2206 2393 2626 2461 collocabant
2685 2410 2951 2481 operam
3009 2412 3223 2481 papae
3286 2396 3639 2463 Niconsus
3691 2398 3841 2472 (an.

437 2526 637 2608 858),
680 2527 1097 2591 Auxanum
1134 2525 1260 2590 111.
1298 2528 1439 2604 (an.
1484 2524 1710 2609 11⁷8),
1752 2521 1927 2587 ceni.
1973 2538 2034 2586 c.
2076 2523 2128 2585 1.
2176 2521 2264 2586 X.
2309 2520 2398 2586 de
2439 2523 2706 2588 clericis
2748 2522 3205 2609 pugnantibus
3247 2525 3318 2589 in
3358 2520 3579 2589 duello
3620 2523 3698 2590 V.
3737 2522 3837 2587 13.

444 2634 883 2718 Coun-rums
931 2654 1073 2736 (an.
1120 2655 1273 2719 1101
1328 2658 1397 2720 et
1437 2653 1631 2731 1196)
1694 2667 1751 2717 c.
1794 2652 1853 2715 8.
1892 2649 1985 2715 X.
2040 2647 2185 2715 eod.
2252 2647 2498 2713 ὅπως
2535 2647 2627 2714 Π.
2689 2649 2835 2730 (an.
2878 2652 3075 2731 1505)
3139 2650 3272 2716 vid.
3333 2650 3611 2716 liborum
3671 2652 3841 2733 sept.

448 2779 900 2848 Deeretalinm
952 2781 1064 2846 lib.
1108 2780 1182 2846 V.
1242 2784 1301 2844 t..
1331 2783 1422 2847 17.
1488 2797 1545 2846 c.
1592 2783 1648 2849 1.
1727 2779 1871 2845 Lno
1909 2777 2003 2845 X.
2059 2782 2202 2858 (an.
2246 2777 2446 2857 1518)
2498 2794 2558 2843 c.
2599 2779 2659 2843 2.
2704 2775 2848 2843 eod.
2930 2774 3122 2859 Quod
3173 2777 3260 2845 ad
3307 2777 3485 2861 jnris
3539 2779 3844 2847 canonici

445 2909 631 2977 locos
668 2907 873 2975 duelli
914 2927 1104 2975 usum
1148 2913 1539 2993 spectantes
1582 2924 2043 2993 canonumque
2082 2910 2398 2975 auctores
2436 2904 2975 2981 dissertationem
3015 2906 3481 2994 inauguralem
3505 2907 3592 2976 de
3620 2907 3846 2975 duello

442 3041 722 3125 ejusque
783 3037 1101 3122 puniendi
1155 3038 1412 3104 ratione
1474 3036 1910 3123 (Groningae
1954 3038 2154 3117 1880)
2230 3037 2629 3122 praesertim
2687 3055 2845 3125 pag.
2888 3039 2974 3103 27
3004 3077 3084 3090 —
3108 3039 3213 3105 33.
3280 3039 3650 3108 doctissimi
3715 3044 3844 3107 viri

440 3169 692 3236 Jonas.
747 3168 1085 3234 wmmns
1130 3168 1421 3251 Quintus
1476 3184 1891 3256 magnopere
1956 3165 2468 3235 commendasse
2525 3168 2732 3233 volui.
2813 3168 2895 3232 In
2938 3166 3131 3234 CCC.
3179 3168 3421 3234 nullam
3463 3171 3844 3236 invenimus

445 3295 713 3383 legem,
755 3314 886 3381 qua
925 3296 1215 3364 duellum
1252 3305 1369 3365 aut
1409 3299 1932 3384 permitteretur,
1990 3302 2110 3364 aut
2144 3297 2690 3382 interdiceretur,
2732 3314 2926 3382 quum
2963 3296 3225 3361 articuli
3270 3298 3390 3361 139
3428 3302 3498 3363 et
3541 3302 3690 3385 145,
3731 3304 3845 3384 qui

445 3443 492 3492 a
532 3425 924 3510 quibusdam
977 3427 1479 3509 jurisconsultis
1537 3426 1627 3494 ad
1685 3426 2085 3494 sententiam
2140 3427 2534 3494 contrariam
2573 3428 2959 3493 firmandam
3002 3430 3073 3492 et
3112 3423 3518 3512 probandam
3558 3429 3844 3518 allegam·

444 3556 742 3643 soleant,
811 3555 901 3624 de
950 3557 1292 3643 inculpata
1341 3557 1552 3624 tutela
1606 3557 1991 3645 loquantur,
2068 3561 2244 3626 inter
2312 3575 2506 3646 quam
2566 3563 2638 3625 et
2694 3555 2985 3623 duellum
3041 3575 3362 3643 mag-num
3422 3559 3847 3627 intercedere

451 3686 803 3753 d’mcrimen
859 3688 1012 3751 luce
1072 3684 1322 3751 clarius
1378 3687 1506 3750 est.
1590 3683 1874 3752 Unicum
1928 3685 2245 3753 habemus
2300 3685 2640 3754 decretum
2703 3690 2775 3756 in
2817 3687 3119 3755 comitiis
3161 3688 3538 3758 Germanici
3575 3690 3866 3775 Imperii—

453 3810 713 3895 datum,
778 3832 911 3900 qua
963 3814 1073 3881 de.
1107 3816 1498 3902 quaestione
1552 3816 1900 3902 proposita
1954 3817 2203 3904 agitur·
2283 3812 2433 3895 Quo
2496 3815 2757 3901 quidem
2811 3821 3130 3883 statutum
3183 3816 3307 3883 fnit
3327 3859 3350 3903 ,
3424 3822 3497 3883 ut
3556 3816 3844 3885 duellum

455 3947 877 4027 attentatum,
935 3945 1095 4044 licet
1134 3946 1287 4012 sine
1327 3943 1539 4014 caede
1580 3947 2033 4033 commissum,
2073 3946 2344 4013 infamia
2383 3952 2456 4013 et
2490 3965 2611 4033 pro
2651 3963 2870 4012 rerum
2912 3951 3407 4033 temporumque
3446 3950 3839 4032 rationibus,

451 4072 909 4158 relegatione,
949 4073 1421 4162 instigatione,
1479 4077 1701 4145 ultimo
1743 4078 2078 4165 supplicio
2110 4079 2553 4168 plecteretur3
2614 4076 2907 4145 duellum
2944 4097 3142 4167 vero,
3206 4078 3381 4165 quod
3421 4053 3602 4146 mors
3640 4079 3844 4147 fuerit

451 4200 795 4281 insecuta,
832 4199 929 4265 ita
965 4205 1395 4268 coerceretur.
1412 4245 1435 4287 ‚
1466 4207 1542 4269 ut
1579 4202 1692 4291 qni
1729 4201 2129 4289 occidisset,
2169 4207 2320 4271 sive
2359 4205 2563 4274 fuerit
2597 4208 2754 4294 ipse
2792 4226 3205 4296 provocans,
3245 4212 3399 4277 sive
3440 4214 3841 4294 provocatus

450 4331 703 4395 tantm
719 4369 741 4410 ‚
807 4328 958 4395 sive
1002 4333 1237 4395 auctor
1284 4330 1518 4413 rixae,
1590 4332 1743 4399 sive
1781 4333 2001 4400 minus
2058 4335 2390 4404 homicidii
2431 4354 2712 4423 poenam
2756 4337 3140 4402 sustineret.
3220 4337 3589 4403 Praeterea
3626 4339 3845 4407 inter-

393 4535 400 4556 ,
445 4439 673 4525 iectus
710 4458 985 4526 asinina
1017 4460 1359 4546 sepultura
1395 4465 1543 4528 erat
1578 4462 1970 4530 afficiendus
2014 4464 2189 4549 (vid.
2230 4484 2287 4533 c.
2334 4469 2386 4531 1.
2428 4469 2488 4532 2.
2530 4466 2621 4531 X.
2661 4464 2748 4529 de
2792 4463 3269 4530 torneamentis
3312 4465 3391 4535 V.
3437 4464 3578 4548 13.)
3621 4486 3846 4555 neque

452 4586 659 4655 sociis
699 4604 920 4674 poena
956 4587 1374 4657 remittenda.
1454 4589 1603 4657 Vid.
1643 4591 2282 4678 Reielrsfflctacktm
2317 4608 2477 4656 vom
2522 4589 2654 4661 30.
2691 4588 2856 4659 «Iuli
2895 4588 3125 4660 1688
3163 4591 3317 4658 und
3361 4591 3843 4665 Kaieerlicltee

346 4741 355 4746 =
459 4711 1025 4787 commarcam-er
1080 4736 1240 4788 vom
1298 4715 1431 4806 82,
1475 4715 1889 4802 September
1942 4718 2305 4791 aarum
2355 4717 2654 4833 ἄμωτα.
2733 4723 2878 4793 Sed
2936 4725 3006 4792 in
3067 4739 3319 4812 magna
3377 4729 3707 4795 varietate
3771 4725 3844 4789 et

468 4861 475 4868 ,
2395 4851 2422 4860 ··
3027 4836 3074 4906 8
