4782 6002
589 1048 821 1159 Inde
871 1107 920 1156 a
966 1081 1454 1181 glossatorum
1495 1100 1725 1178 usque
1773 1076 1873 1152 ad
1923 1086 2175 1155 nostra
2221 1090 2551 1182 tempora
2598 1086 2742 1161 viri
2790 1081 2993 1163 docti
3037 1083 3134 1162 de
3181 1088 3443 1185 regula
3479 1091 3673 1188 Juris
3708 1114 3915 1188 quam

593 1240 870 1309 vocant
904 1229 1115 1324 „dies
1158 1226 1575 1327 interpellat
1623 1250 1757 1327 pro
1808 1224 2144 1303 homine“
2183 1223 2263 1300 id
2316 1236 2431 1304 est
2481 1226 2604 1304 die
2651 1237 2858 1305 certo
2908 1229 3006 1304 ad
3053 1232 3567 1330 praestandum
3613 1236 3789 1327 fixo,
3841 1246 3919 1311 et
3983 1192 3992 1197 α

591 1377 878 1476 legales
920 1385 1004 1455 et
1048 1374 1657 1451 conventionales
1704 1397 1952 1451 morae
2001 1377 2306 1452 effectus
2322 1429 2344 1469 ‚
2396 1372 2857 1474 praestandis
2909 1383 3115 1452 certo
3167 1375 3289 1451 die
3336 1401 3484 1451 non
3525 1385 3916 1478 praestitis,

593 1526 752 1599 sine
794 1522 1375 1622 interpellatione
1422 1520 1663 1596 locum
1710 1519 2018 1616 habere,
2070 1518 2569 1596 dissenserunt
2597 1521 2684 1615 ¹).
2760 1521 2844 1595 Ν
2845 1525 3209 1597 ovissimis
3258 1525 3699 1625 temporibus
3745 1551 3920 1625 pra-

591 1672 757 1761 xin‚
806 1688 995 1764 quae
1042 1665 1239 1740 illam
1286 1666 1611 1763 regulam
1658 1666 2031 1765 probavit,
2082 1669 2416 1764 aggressi
2462 1672 2630 1739 sunt
2652 1666 3101 1742 Nausmm.
3132 1663 3202 1760 ²)
3237 1675 3312 1745 et
3347 1667 3793 1757 Soanos-‘ma
3824 1671 3917 1764 ³),

589 1813 844 1911 quibus
889 1815 1078 1886 inter
1126 1811 1311 1885 alios
1360 1813 1625 1886 acriter
1669 1812 2105 1910 repugnavit
2148 1812 2483 1889 Tmnmm
2504 1802 2575 1905 ⁴]
2591 1867 2613 1907 ‚
2666 1836 2873 1910 quem
2924 1811 3165 1888 denuo
3212 1813 3534 1892 refutare
3582 1817 3915 1907 tentavit,

467 2028 480 2040 .
592 1956 1038 2035 Sannum-nn
1062 1951 1154 2048 ⁵).
1210 1954 1500 2051 Omnia,
1553 1979 1738 2054 quae
1771 1963 2029 2032 contra
2056 1955 2380 2054 regulam
2429 1958 2675 2032 afferri
2709 1967 3049 2057 possent,
3101 1984 3311 2056 quum
3346 1983 3392 2034 a
3425 1954 3917 2036 Sounomsn‘o

583 2102 871 2204 prolata
921 2110 998 2178 et
1045 2102 1364 2179 collecta
1413 2126 1582 2177 esse
1630 2100 2022 2221 videantur
2039 2156 2059 2196 ‚
2142 2105 2424 2178 omissis
2472 2106 2559 2176 iis
2579 2158 2601 2198 ‚
2672 2127 2858 2203 quae
2898 2108 3058 2203 jam
3106 2105 3199 2180 ab
3249 2104 3409 2178 aliis
3457 2109 3637 2179 satis
3698 2105 3920 2182 docte

587 2251 857 2349 scripta
903 2255 1107 2342 sunt,
1176 2247 1395 2347 hujus
1446 2256 1720 2323 tantum
1769 2251 2196 2325 sententiam
2245 2246 2636 2326 refellendi
2684 2250 3081 2350 periculum
3119 2249 3402 2326 faciam.

782 2392 1259 2472 Semnonum
1296 2401 1719 2491 argumenta
1755 2400 1923 2467 sunt
1970 2390 2203 2469 haec:

780 2539 840 2613 I.
888 2537 1142 2614 Multis
1183 2541 1377 2638 juris
1425 2539 1669 2614 c1vilis
1716 2538 2004 2637 legibus
2054 2537 2393 2616 absolute
2441 2539 2702 2638 regula
2717 2592 2741 2634 ‚
2792 2537 3143 2617 debitoris
3192 2563 3463 2617 moram
3495 2541 3920 2640 interpella-

590 2689 787 2762 tione
833 2675 1103 2760 tantuni
1154 2688 1480 2762 existere
1504 2739 1526 2778 ‚
1579 2692 1926 2762 contenta
1973 2693 2109 2763 cst.

1376 2831 1427 2906 1.
1478 2833 1599 2905 ao.
1650 2839 1721 2919 s.
1768 2832 1840 2904 a.
1893 2830 1988 2904 D.
2036 2828 2393 2929 delegat.
2443 2831 2503 2905 Ι.
2557 2834 2759 2926 (ao).

1378 2974 1431 3052 l.
1483 2978 1603 3051 23.
1656 2978 1773 3049 24.
1824 2978 1944 3049 49.
1995 2984 2066 3065 S.
2113 2978 2185 3051 3.
2235 2977 2330 3052 D.
2384 2974 2482 3054 de
2528 2976 2629 3053 V.
2682 2976 2771 3055 0.
2825 2979 2997 3074 (45,
3054 2982 3158 3073 1).

1365 3123 1418 3197 l.
1470 3128 1540 3196 2.
1591 3122 1684 3196 D.
1735 3119 1833 3198 de
1879 3130 2075 3197 naut.
2126 3121 2324 3199 foen.
2377 3127 2557 3218 (22,
2612 3126 2724 3216 2.)

1366 3268 1416 3343 l.
1469 3270 1587 3342 23.
1641 3268 1735 3342 D.
1788 3266 1885 3344 de
1934 3266 2025 3346 0.
2068 3276 2145 3344 et
2184 3269 2284 3344 A.
2338 3274 2518 3365 (44,
2571 3273 2682 3364 7).

1368 3409 1418 3486 l.
1460 3413 1579 3484 24.
1630 3419 1701 3499 s.
1745 3416 1813 3484 2.
1862 3411 1915 3485 l.
1964 3412 2085 3486 32.
2137 3437 2245 3514 pr.
2295 3424 2367 3504 S.
2428 3419 2490 3488 1.
2541 3415 2636 3489 D.
2688 3414 2785 3493 de
2834 3437 3024 3490 usur.
3077 3418 3256 3508 (22,
3314 3418 3417 3506 1).

1362 3560 1415 3634 l.
1469 3564 1587 3634 24.
1637 3561 1730 3635 D.
1782 3559 2071 3659 quando
2122 3559 2282 3636 dies
2322 3559 2470 3657 l'eg.
2524 3562 2695 3655 (36,
2750 3564 2859 3651 2).
3861 3647 3870 3661 .

779 3707 1028 3785 Causa
1075 3705 1677 3806 interpellationis
1724 3708 1798 3778 in
1845 3709 2007 3803 ipsa
2053 3725 2307 3776 morae
2352 3711 2612 3774 natura
2660 3695 3115 3796 quaerenda,
3164 3722 3352 3798 quae
3386 3722 3604 3776 sensu
3637 3705 3910 3794 stricto,

584 3877 725 3955 quo
773 3854 1057 3954 legales
1107 3854 1413 3930 effectus
1462 3851 1728 3926 habeat
1744 3904 1766 3944 ‚
1818 3852 1895 3924 in
1945 3848 2253 3947 culposa
2291 3847 2526 3921 solum
2574 3847 3087 3944 praestationis
3136 3846 3546 3944 prolatione
3594 3854 3913 3947 reperIa-

430 4067 439 4074 .
582 4010 718 4075 tur.
830 3998 1208 4076 Debitoris
1272 4005 1509 4074 autem
1572 3996 1793 4096 culpa
1854 4016 2002 4070 non
2067 3996 2203 4068 nisi
2272 3991 2662 4068 creditoris
2726 3989 3312 4090 interpellatione
3371 3992 3609 4067 locum
3672 3992 3908 4067 babet.

578 4145 777 4221 Nam
824 4143 1113 4223 debitor
1161 4145 1351 4219 ultro
1401 4143 1689 4237 solvat,
1739 4151 1887 4216 non
1913 4161 2250 4263 ⁴necesse
2298 4145 2454 4232 est,
2507 4140 2693 4237 etsi
2740 4142 2911 4211 ante
2960 4134 3342 4212 creditoris
3384 4135 3910 4236 interpellatio—

645 4332 712 4399 1)
742 4333 816 4385 cf.
851 4350 945 4396 en,
976 4350 1115 4402 quae
1147 4331 1795 4400 Sanno-wunsam„
1830 4328 2042 4385 zucha
2073 4327 2176 4382 lv.
2207 4339 2336 4404 pag.
2370 4323 2554 4376 100-
2570 4320 2705 4390 128)
2738 4321 2960 4390 egregie
2990 4318 3226 4388 scripsit.

643 4445 712 4513 8)
747 4446 904 4499 Aah.
929 4450 981 4514 s.
1016 4447 1119 4499 civ.
1154 4446 1246 4497 Pr.
1280 4446 1344 4500 V.
1377 4444 1480 4498 Νι.
1514 4442 1566 4497 8.

641 4557 711 4628 ⁸)
742 4558 938 4614 Ianum
972 4553 1187 4616 zaab.
1216 4561 1315 4614 lv.
1345 4558 1448 4614 Νι.
1475 4558 1533 4614 5.

640 4672 712 4740 4)
744 4671 907 4726 Aron.
930 4674 984 4738 s.
1020 4672 1121 4723 civ.
1164 4673 1258 4725 Pr.
1293 4671 1384 4726 vl.
1415 4672 1517 4726 Νι.
1550 4669 1604 4724 8.
1640 4669 1788 4723 xvl.
1824 4666 1929 4722 Nr.
1957 4665 2011 4720 ⁴2.

641 4783 708 4850 5)
748 4783 938 4835 laten
976 4779 1186 4834 ztaeofir.
1223 4781 1345 4835 vn.
1384 4782 1480 4836 Νι.
1515 4781 1568 4834 3.
1622 4782 1818 4834 Lem
1849 4778 2288 4834 dissertationem
2319 4773 2591 4844 (Wirceb.
2627 4769 2794 4837 1825)
2836 4776 2893 4825 ot
2924 4769 3194 4824 Rumu
3226 4766 3458 4833 (xnus
3487 4765 3657 4832 1824)
3693 4770 3906 4838 legendi

748 4866 962 4933 mptum
994 4879 1104 4917 non
1137 4864 1322 4919 habui.

1942 5059 2001 5076 Ὦ
