4782 6002
2569 658 2663 732 16

956 876 1176 941 ‘toturn
1229 866 1621 962 Epicureum
1676 864 1867 939 nohis
1922 863 2241 938 exhibens
2294 863 2633 958 Tacitum,
2688 869 3053 960 quaestioni
3108 868 3486 961 propositae
3539 863 3944 937 satisfecisse
3987 862 4263 956 judicari

973 1008 1229 1102 nequit:
1283 1014 1621 1100 praeterea
1677 1024 1987 1076 sermone
2039 979 2268 1076 Latino
2325 1006 2520 1076 utitur
2572 1027 2608 1075 a
2665 1002 2919 1075 mendis
2972 1004 3280 1095 vitiisque
3334 1023 3464 1074 non
3518 1024 3794 1098 prorsus
3846 1001 4073 1076 libero.

996 1123 1003 1130 ’
1182 1142 1429 1230 Quibus
1478 1141 1682 1235 longe
1733 1152 2023 1238 praestat
2075 1149 2303 1213 auctor
2354 1129 2581 1232 libelli,
2634 1143 2739 1212 cui
2791 1138 2999 1213 verba
3054 1151 3206 1212 sunt
3255 1142 3605 1235 inscripta:

1385 1281 1483 1351 m'l
1529 1287 1663 1352 tam
1707 1281 2107 1373 lruyilcrum
2159 1286 2278 1370 est,
2332 1302 2531 1375 quam
2580 1301 2964 1373 maqnorum
3014 1282 3283 1372 inqenia
3333 1279 3657 1350 hominnm
3707 1301 4004 1351 noscere.

973 1417 1231 1490 Etenim
1286 1425 1468 1489 recte
1519 1415 1881 1508 intellexit,
1960 1389 2042 1488 de
2122 1438 2252 1511 quo
2334 1418 2696 1510 quaesitum
2771 1426 2916 1486 erat
2985 1437 3366 1511 summaque
3437 1439 3594 1486 cura
3668 1439 3749 1486 ac
3818 1415 4150 1509 diligentia
4202 1420 4270 1488 in

977 1559 1361 1653 quaestione
1413 1554 1752 1626 tractanda
1804 1559 1890 1626 ita
1944 1561 2251 1627 versatus
2305 1564 2428 1645 est,
2480 1565 2552 1625 ut
2602 1556 2879 1650 primum
2935 1551 3017 1624 de
3070 1554 3343 1648 singulis
3398 1553 3603 1624 Taciti
3658 1555 3918 1651 scriptis
3963 1564 4272 1626 accurate

975 1703 1207 1788 ageret
1260 1702 1325 1765 et
1377 1696 1441 1765 in
1495 1696 1698 1788 ipsius
1752 1692 2045 1764 historici
2116 1691 2542 1765 eruditionem
2597 1713 2858 1764 omnem
2912 1694 3311 1785 inquireret,
3384 1690 3619 1763 deinde
3676 1702 4025 1784 quaereret
4077 1713 4272 1785 quam

973 1835 1113 1905 vim
1181 1829 1719 1927 philosophorum
1788 1829 1959 1902 illius
2030 1833 2259 1902 aetatis
2329 1830 2567 1925 placita
2636 1831 2701 1900 in
2775 1827 3069 1900 Tacitum
3141 1851 3360 1901 rerum
3441 1833 3830 1924 scriptorem
3900 1828 4273 1920 habuerint,

977 1969 1250 2063 singulis
1302 1967 1490 2059 hujus
1544 1970 1884 2062 scriptoris
1934 1966 2098 2039 locis
2150 1989 2402 2040 summa
2456 1965 2790 2061 diligentia
2843 1966 3074 2038 allatis.
3179 1966 3405 2060 Itaque
3458 1988 3580 2062 per
3629 1979 3767 2040 tres
3819 1979 4063 2064 parteS,
4118 1971 4276 2064 qui-

972 2105 1098 2179 bus
1150 2107 1516 2177 continetur
1571 2099 1832 2201 antiqua
1885 2103 2313 2200 philosophia,
2369 2114 2824 2197 argumentum
2880 2114 2980 2175 est
3034 2114 3422 2199 persecutus
3475 2116 3667 2200 atque
3723 2105 3955 2179 sedulo
3986 2104 4277 2197 indaga-

979 2243 1097 2334 vit,
1151 2242 1302 2338 quid
1358 2264 1614 2336 quaque
1678 2243 1748 2313 in
1818 2252 2005 2337 parte
2074 2241 2341 2314 Tacitus
2410 2240 2492 2313 ab
2562 2241 2702 2313 aliis
2773 2264 2935 2314 suae
3006 2244 3236 2313 aetatis
3310 2241 3710 2338 philosophis
3782 2242 4280 2340 deprompsisse

978 2380 1317 2470 videatur,
1388 2384 1454 2451 in
1527 2401 1654 2473 quo
1727 2377 1976 2451 differat
2042 2389 2109 2450 et
2160 2379 2242 2452 ab
2296 2381 2373 2451 iis
2427 2377 2736 2468 recedat3
2804 2382 2867 2449 in
2924 2402 3050 2473 qua
3107 2377 3558 2475 disputationis
3609 2389 3795 2475 parte
3850 2390 3916 2452 et
3965 2380 4155 2453 Plinii
4211 2391 4280 2453 et

978 2518 1281 2594 Senecae
1332 2519 1747 2614 praecipuam
1804 2520 2123 2588 rationem
2176 2514 2400 2588 habuit
2453 2537 2812 2611 eorumque
2864 2516 3098 2612 placita
3157 2539 3301 2588 cum
3355 2521 3466 2609 iis,
3531 2538 3700 2612 quae
3751 2520 3815 2590 in
3869 2518 4098 2591 Tacito
4151 2543 4281 2592 re-

978 2660 1341 2754 periuntur,
1395 2668 1544 2753 apte
1601 2656 1904 2748 contulit,
1956 2659 2043 2729 ita
2097 2666 2168 2728 ut
2220 2655 2301 2728 ad
2355 2654 2614 2727 laudem
2668 2660 2973 2755 proxime
3025 2661 3393 2732 accessisse
3446 2655 3770 2732 videatur.
3842 2656 4083 2731 Sermo
4132 2658 4279 2732 La-

980 2799 1153 2868 tinus
1207 2818 1408 2891 purus
1463 2793 1761 2889 adeoque
1815 2794 2125 2886 elegam,
2194 2793 2633 2886 investigandi
2698 2798 2866 2868 ratio
2919 2795 3211 2888 subtilia,
3275 2795 3590 2887 judicium
3644 2794 3985 2869 subactum
4037 2796 4280 2891 ubique

983 2936 1288 3008 cernitur.
1396 2932 1583 3021 Quae
1637 2955 1781 3005 cum
1836 2935 1919 3004 ita
1976 2936 2141 3023 sint,
2211 2942 2547 3006 auctorem
2619 2933 2810 3026 hujus
2875 2934 3074 3007 libelli
3127 2940 3423 3031 praemio
3480 2933 3841 3007 ornandum
3896 2956 4049 3009 esse
4093 2935 4281 3027 judi-

984 3075 1161 3145 cavit
1214 3070 1377 3147 ordo
1432 3069 2038 3167 philosophorum.“

1189 3206 1512 3282 Schedula
1568 3208 1823 3281 reclusa
1878 3229 2117 3281 nomen
2175 3204 2545 3303 comparet:

1982 3342 2388 3419 JoANNES
2441 3341 2740 3418 sumus
2792 3342 3289 3438 BAUMANN‚

1875 3483 2073 3557 theol.
2149 3492 2213 3555 et
2279 3484 2432 3580 phil.
2506 3483 2714 3575 stud,
2797 3484 3378 3557 FrancofurtanuS.

1144 3920 1159 3929 »
1194 3872 1263 3947 ln
1318 3879 1684 3971 proximum
1740 3898 1981 3949 annum
2033 3879 2160 3949 hae
2212 3889 2666 3975 proponuntur
2721 3883 3182 3975 quaestiones:

991 4013 1220 4085 Ordo
1292 4013 1920 4107 theologorum
1990 4012 2310 4111 postulat:

1408 4152 1831 4244 „Disseratur
1883 4151 1966 4225 de
2018 4152 2608 4249 praedestinatione
2662 4158 2771 4244 ita,
2828 4165 2897 4226 ut
2951 4153 3103 4247 quid
3159 4152 3590 4246 Augustinus,
3642 4150 3984 4242 LutheruS,
4046 4149 4285 4223 Calvi-

1407 4314 1575 4383 „nus
1645 4301 1709 4362 et
1773 4278 2418 4363 Schl'eiermacherus
2492 4292 2575 4363 de
2646 4293 2771 4363 hac
2847 4291 3141 4363 doctrina
3215 4291 3483 4364 diverse
3552 4293 3930 4379 statuerint,
4002 4291 4284 4384 primum

1413 4432 1897 4519 „examinetur
1939 4438 2132 4523 atque
2199 4441 2544 4502 enarretur
2563 4460 2596 4519 ,·
2653 4440 2785 4501 tum
2860 4448 3004 4500 cum
3077 4429 3143 4500 S.
3199 4428 3578 4525 Scripturas
3648 4429 4031 4502 testimoniis
4087 4450 4284 4499 com-

1409 4563 1781 4659 „paretur.“

999 4708 1228 4780 Ordo
1274 4713 2126 4802 jurisconsultorum
2179 4722 2488 4816 proponit
2542 4724 3031 4813 quaestionem:

1104 4852 1111 4859 '
1300 4850 1307 4859 ‘
1416 4851 1561 4941 „De
1613 4854 1981 4927 conditione
2032 4854 2423 4928 stiminar'nm
2478 4858 2836 4930 secundum
2883 4843 2992 4950 jus
3048 4880 3386 4931 romanum
3442 4856 3838 4953 antiquum.“
