4782 6002
2571 735 2663 808 12

950 958 1169 1021 tamen
1226 943 1477 1019 Codice
1529 952 1757 1019 nostro
1811 945 1981 1015 inter
2036 943 2254 1014 lineae
2307 951 2533 1014 rectae
2587 952 2651 1014 et
2705 951 3134 1016 transversae
3188 945 3733 1036 00nsanguineos.
3813 940 3930 1016 His
3981 950 4261 1018 testator

951 1089 1147 1158 totius
1200 1082 1581 1157 hereditatis
1633 1084 1915 1156 saisin
1938 1102 2094 1169 am,
2150 1101 2275 1173 qua
2326 1079 2475 1154 :llos
2530 1080 2892 1156 excludere
2945 1082 3201 1175 nequit,
3257 1078 3472 1152 aufert
3522 1078 3919 1160 instituendo
3973 1101 4063 1152 ex
4107 1102 4262 1156 asse

951 1225 1367 1317 legatarium,
1427 1224 1535 1315 qui
1587 1223 1735 1316 ipso
1791 1218 2103 1292 defuncto
2161 1221 2448 1292 omnium
2503 1217 2826 1296 bonorum
2878 1220 3370 1313 possessionem
3418 1227 3614 1311 atque
3650 1216 4027 1308 dominium,
4078 1218 4261 1313 legi-

954 1365 1086 1436 timi
1158 1359 1421 1432 heredis
1492 1362 1738 1449 instar,
1827 1361 2119 1453 acquirit.
2240 1356 2514 1431 Donare
2583 1377 2826 1452 porro,
2913 1359 3016 1428 cui
3088 1376 3179 1427 ex
3246 1365 3425 1428 recta
3496 1355 3670 1428 linea
3733 1355 4055 1430 heredes-
4087 1364 4266 1446 sunt,

954 1511 1202 1574 certam
1254 1498 1458 1570 modo
1513 1508 1766 1593 partem
1817 1496 2145 1572 bonorum
2199 1504 2438 1593 potest,
2492 1493 2645 1566 dum
2700 1516 2791 1566 ex
2842 1505 3226 1568 transversa
3279 1494 3451 1566 linea
3507 1497 3809 1587 cognatis
3859 1497 4077 1570 omnia
4132 1493 4266 1567 de-

953 1637 1218 1711 trahere
1271 1640 1333 1708 ei
1386 1634 1664 1708 licet41).

1160 1776 1311 1847 Alia
1389 1778 1812 1868 germanicae
1882 1770 2373 1846 consuetudinis
2455 1773 2734 1864 vestigia
2811 1772 3184 1842 invenimus
3251 1771 3317 1839 in
3386 1771 3754 1842 testamenti
3823 1778 4260 1842 executurum

953 1916 1283 2003 instituto,
1355 1912 1527 2008 quod
1598 1910 1789 1983 dubia
1855 1919 2396 1984 testamentorum
2464 1912 2705 2005 prioris
2776 1910 3089 2004 temporis
3143 1910 3530 1980 auctoritate
3584 1917 3802 1979 natum
3856 1916 3958 1979 est
3977 1907 4104 1997 *Ὧς
4169 1946 4258 1959 —-—

953 2062 1088 2124 tum
1141 2055 1206 2123 in
1263 2048 1730 2124 ascendentum
1800 2071 1947 2121 oum
2019 2070 2110 2119 ex
2177 2047 2386 2120 latere
2458 2045 2871 2120 venientibus
2924 2053 3352 2120 successione
3403 2048 3469 2118 in
3521 2046 3728 2120 lineas
3747 2046 3857 2134 ⁴⁸),
3929 2048 3998 2118 in
4047 2049 4264 2141 pactis

954 2191 1411 2278 successoriis,
1464 2209 1633 2284 quae
1689 2209 1858 2261 vero
1913 2197 1981 2268 ut
2026 2189 2163 2278 jam
2215 2206 2305 2257 ex
2357 2183 2833 2258 consuetudine
2883 2184 3188 2278 generali
3237 2184 3485 2257 saeculi
3528 2187 3703 2257 sexti
3746 2183 3981 2258 decimi
4033 2187 4100 2257 in
4143 2197 4262 2294 ιιι-ᾗ

953 2323 1123 2399 bulis
1176 2324 1566 2422 nuptialibus
1619 2335 1866 2400 tantum
1921 2328 2243 2420 permissa
2263 2322 2374 2412 44),
2427 2322 2720 2418 aliisque.

1163 2821 1298 2894 Sed
1343 2824 1483 2915 jam
1537 2831 1794 2917 tempus
1852 2829 2079 2914 urget,
2152 2842 2355 2913 quare
2426 2820 2508 2892 ad
2582 2842 2661 2892 ea
2733 2843 2840 2892 me
2894 2830 3302 2910 convertam,
3358 2822 3542 2912 cujus
3594 2825 4001 2916 potissimum
4056 2845 4257 2895 causa

956 2967 1415 3049 convenimus,
1469 2961 1954 3033 renuntiaturus
2007 2961 2272 3030 nomina
2329 2980 2586 3049 eorum,
2639 2962 2747 3053 qui
2774 2962 2840 3031 in
2871 2958 3333 3033 certaminibus
3360 2958 3773 3051 academiciS‚
3826 2983 3865 3032 a
3897 2956 4255 3065 CAROLQ

952 3098 1437 3172 FRIDERICO
1503 3098 1885 3170 immortalis
1956 3080 2317 3169 memoriae
2385 3101 2680 3193 principe
2743 3101 3085 3187 institam,
3157 3098 3441 3194 palmam
3495 3108 3928 3193 reportarunt.
4036 3098 4256 3175 Antea

954 3247 1173 3310 tamen
1242 3259 1363 3333 pro
1419 3258 1607 3309 more
1664 3246 2025 3325 consueto,
2099 3257 2268 3329 quae
2337 3246 2605 3309 nostrae
2677 3237 3009 3308 literarum
3080 3237 3488 3309 universitati
3558 3259 3732 3310 anno
3801 3238 4252 3336 praeterlapso

954 3373 1335 3464 acciderint,
1388 3374 1683 3446 breviter
1736 3396 2087 3470 exponam.

1162 3511 1434 3583 Rectori
1462 3523 1690 3585 nostro
1723 3510 2390 3607 magnificentissimo,
2434 3510 2913 3584 FRIDERICO
2942 3510 3254 3586 MAGNO
3290 3511 3743 3584 BADARUM
3775 3509 4011 3615 DUCI,
4064 3522 4256 3586 natus

956 3660 1058 3723 est
1085 3651 1253 3723 filius
1291 3654 1791 3745 primogenituS‚
1847 3649 2325 3724 illustrissimae
2362 3651 2825 3753 Zaringiorum
2877 3654 3097 3747 stirpis
3149 3674 3324 3747 spes.
3409 3651 3594 3738 Quae
3646 3674 3757 3724 res
3811 3662 4049 3744 quanta
4098 3650 4256 3727 lae-

954 3791 1090 3861 titia
1146 3798 1526 3858 nostrorum
1581 3791 1834 3859 animos
1888 3786 2286 3882 perfuderit,
2358 3787 2694 3860 academia
2749 3800 3017 3879 nostra,
3085 3792 3310 3863 intimo
3365 3791 3630 3862 vinculo
3683 3813 3829 3863 cum
3881 3789 4256 3887 Principum

956 3926 1152 4001 domo
1209 3928 1595 4017 conjuncta,
1650 3936 1719 3997 ut
1770 3929 2169 3997 amatissimo
2219 3925 2468 4020 Magno
2521 3925 2691 3998 Duci
2745 3931 3150 4020 nuntiarent,
3219 3931 3591 4024 proreotori
3660 3937 3728 4000 et
3791 3904 4069 4033 quatuor
4121 3904 4254 4001 de-

954 4068 1138 4136 canis
1194 4062 1544 4136 mandavit.
1620 4062 1775 4150 ,Qui
1828 4062 2284 4156 gratulabundi
2338 4088 2376 4134 a
2430 4064 2935 4136 clementissimo
2987 4066 3290 4161 Principe
3340 4088 3476 4139 non
3527 4066 3740 4147 solum
3785 4065 4252 4162 benignissime

955 4206 1241 4298 excepti,
1294 4202 1412 4274 sed
1468 4206 1688 4290 etiam,
1745 4210 1813 4273 ut
1864 4200 2014 4273 huic
2066 4206 2476 4277 universitati
2531 4203 2741 4276 honos
2796 4203 3169 4297 haberetur,
3214 4209 3382 4298 Jussi
3435 4217 3605 4295 sunt,
3658 4228 3851 4279 sacro
3886 4204 4253 4305 baptismati

954 4339 1065 4411 filii
1118 4340 1436 4435 Principis
1488 4343 1553 4411 in
1609 4361 1793 4436 spem
1846 4344 2103 4437 imperii
2152 4344 2355 4435 geniti
2409 4345 2750 4416 interesse.

1162 4475 1299 4548 Sed
1353 4477 1476 4548 alia
1533 4499 1797 4572 quoque
1850 4476 2166 4550 beneficia
2220 4478 2796 4571 FRIDERJGOE,
2863 4481 3181 4577 Princeps
3252 4492 3480 4557 noster
3530 4482 4115 4572 clementissimus,
4184 4484 4252 4553 in

955 4608 1127 4681 hanc
1179 4614 1581 4686 academiam
1635 4637 1757 4711 per
1808 4638 2049 4687 annum
2101 4617 2622 4712 praeterlapsum
2676 4620 2962 4691 contulit.

1167 4780 1490 4854 Subvenit
1560 4791 1728 4858 enim
1802 4787 2002 4861 rebus
2072 4792 2315 4860 nostris
2382 4793 2512 4879 ita,
2585 4799 2650 4862 ut
2718 4812 3038 4864 summam
3102 4814 3191 4863 ex
3247 4797 3509 4864 aerario
3564 4791 3708 4864 dari
3750 4791 4049 4883 juberet,
4119 4814 4250 4886 qua

960 4917 1587 5012 Ruperto-Carolae
1638 4925 2135 4998 necessitatibus
2189 4927 2728 5023 suppeditaretur.
