4782 6002
856 317 1108 403 fuisse,
1170 323 1457 407 apparet
1505 331 1592 379 ex
1640 308 1860 378 Cicer.
1916 306 2110 397 Orat.
2159 324 2290 400 pro
2340 307 2578 379 Caelio
2632 327 2694 377 c.
2737 305 2872 387 132
2923 307 3295 393 „aluham
3341 306 3777 399 impudicum,
3820 323 4220 414 sequester,

859 433 1243 503 convicium
1284 439 1428 512 est,
1466 449 1596 496 non
1631 425 1974 494 mecentio
1992 419 2049 505 ”3
2097 445 2231 515 pro
2264 423 2548 495 Plancio
2587 420 2800 492 (3.163
2851 420 3100 514 „cujus
3136 431 3212 492 tu
3244 423 3468 493 tribus
3502 425 3922 495 venditorem
3947 436 4024 497 et
4057 450 4222 499 cor-

863 556 1212 638 ruptorem
1271 553 1339 611 et
1387 551 1809 630 sequestrem
1856 540 2215 606 Plancium
2261 538 2474 607 fuisse
2538 533 2946 633 clamitas?
2996 547 3068 607 et
3110 556 3170 607 c.
3231 535 3366 607 18:
3433 540 3669 626 „quid
3729 538 4048 610 diceres?
4081 567 4222 627 ‚se-

864 671 1295 753 questremue
1327 654 1736 727 Planciqu
1787 663 2188 747 respuerent
2216 676 2452 740 aures,
2500 678 2697 725 nemo
2737 661 3143 746 agnooeeret
3163 702 3184 737 ,
3225 651 3763 744 repudiaretur”.
3810 655 4213 745 Quanquam

862 780 1071 869 louge
1125 796 1243 843 eos
1289 773 1665 863 honestiori
1714 780 1785 838 et
1811 769 2168 851 ‚nobiliori
2209 792 2414 859 quam
2464 769 2800 840 divisores
2847 772 3004 839 loco
3038 769 3371 839 oriundos
3417 771 3836 861 plerumque
3875 771 4087 841 fuisse
4132 794 4221 843 ex

860 893 1035 984 ipsis
1078 892 1493 981 scriptorum
1538 888 1710 957 locis
1761 887 2102 980 colligere
2153 887 2358 967 licet;
2408 886 2526 973 qui
2566 908 2780 975 quum
2836 885 3029 974 qussi
3075 885 3490 954 internuncii
3543 895 3768 955 esseut
3815 886 4226 957 candidatos

862 1009 1043 1077 inter
1075 1012 1279 1093 utque
1317 1004 1687 1087 divisores,
1735 1003 2041 1094 ipsorum
2076 1001 2603 1070 candidatorum
2644 1003 2799 1070 loco
2841 1010 3148 1094 agerent,
3182 999 3506 1090 nullique
3548 1002 3873 1069 mercede
3911 1005 4222 1095 corrupti

870 1122 954 1190 ea
993 1130 1255 1191 tautum
1284 1140 1411 1210 spe
1446 1129 1921 1199 morerentur,
1970 1117 2122 1185 fore
2154 1126 2231 1185 ut
2269 1117 2357 1199 ii,
2408 1137 2581 1204 quos
2627 1114 2844 1206 operui
2887 1112 3013 1184 sud
3035 1113 3414 1206 juvissent,
3465 1116 3753 1183 eandem
3798 1138 3960 1186 mox
3996 1118 4070 1186 in
4111 1121 4223 1210 ip-

866 1254 1097 1305 sorum
1126 1233 1572 1325 petitionibus
1603 1231 1932 1322 capitisve
1970 1230 2301 1320 periculis
2334 1229 2469 1298 sibi
2504 1230 2915 1315 redderent,
2967 1232 3077 1299 vel
3109 1231 3346 1320 aliquo
3379 1251 3506 1299 suo
3543 1231 3906 1319 commodo
3944 1232 4220 1302 inducti

867 1361 1109 1443 sponte
1146 1347 1271 1417 sua
1310 1348 1585 1416 illorum
1629 1346 2055 1437 temporibus
2080 1346 2461 1429 servirent,
2512 1346 2719 1414 amici
2759 1344 2990 1435 potius
3027 1345 3553 1415 candidatorum
3609 1346 3824 1415 fuisse
3862 1347 4220 1432 videntur,

868 1465 1121 1556 quibus
1152 1465 1323 1554 ipsis
1353 1463 1579 1531 aditus
1612 1464 1702 1529 ad
1733 1461 2029 1530 honores
2062 1459 2411 1549 gerendos
2452 1468 2757 1550 pateret,
2802 1462 3128 1528 senatorii
3170 1459 3279 1528 vel
3324 1461 3664 1549 equestris
3697 1461 3961 1530 ordinis
4000 1461 4223 1531 hoini-

872 1603 1011 1652 που.
1088 1580 1296 1650 Unde
1338 1579 1561 1648 Cicer.
1606 1578 1676 1645 iu
1715 1575 1909 1645 Orat.
1952 1577 2024 1643 iu
2068 1575 2273 1665 Toga
2311 1574 2548 1642 eund-2
2598 1618 2645 1657 ‚,
2663 1573 2861 1659 dico,
2910 1575 2988 1642 P.
3033 1573 3146 1659 C.‚
3194 1577 3556 1665 superiore
3605 1586 3805 1645 nocte
3864 1575 4226 1666 cujusdam

870 1696 1171 1765 hominis
1208 1693 1455 1763 nobilis
1491 1700 1560 1760 et
1591 1691 1792 1758 valde
1820 1690 1891 1759 in
1927 1691 2065 1757 hoc
2098 1687 2488 1778 largitionis
2521 1699 2805 1776 quaestu
2836 1691 2976 1758 noti
3015 1700 3083 1759 et
3120 1691 3382 1781 cogniti
3422 1690 3703 1760 domum
3729 1690 4116 1763 Catilinam*
4145 1703 4218 1760 et

869 1810 1243 1879 Antonium
1288 1824 1445 1871 cum
1474 1788 1940 1891 sequestribus
1974 1803 2117 1871 suis
2149 1803 2543 1872 convenisse
2563 1798 2619 1884 ”3
2661 1789 2782 1870 ubi
2815 1802 3185 1872 Asconius:
3213 1809 3424 1885 ·„Aut
3463 1803 3541 1875 C.
3576 1803 3930 1892 Caesaris,
3968 1806 4227 1895 inquit,

871 1931 991 1990 aut
1021 1921 1123 1992 M.
1157 1917 1387 1989 crassi
1423 1916 1706 1985 domum
1740 1913 2165 2009 significat'’‚
2217 1940 2423 2007 quem
2468 1917 2788 1986 nimirum
2830 1917 3223 2008 interpretis
3265 1940 3543 1989 munere
3577 1920 3775 2010 fungi
3823 1922 3892 1987 in
3945 1921 4228 2012 negotio

875 2038 1000 2104 illo
1057 2034 1325 2105 vellent.
1423 2030 1745 2100 Eundem
1793 2043 2217 2122 sequestrem
2267 2043 2336 2105 et
2385 2034 2833 2125 interpretem
2884 2034 3342 2125 conspicimus
3390 2034 3488 2101 Μ.
3527 2033 3844 2101 Crassum
3875 2034 3948 2101 in
3989 2034 4230 2104 Clodii
4373 2110 4396 2121 ,ᾖ

875 2152 1114 2233 causflg
1146 2150 1255 2219 ·cl.
1293 2130 1439 2218 Cic.
1474 2147 1566 2216 ed
1597 2149 1741 2215 Att.
1767 2146 1821 2215 1.
1857 2146 1971 2217 16.
2008 2147 2093 2217 22
2145 2199 2194 2225 „
2216 2150 2446 2218 Biduo
2475 2172 2604 2242 per
2637 2170 2849 2217 uuum
2881 2170 3156 2218 servum
3191 2157 3256 2216 et
3291 2170 3443 2216 eum
3479 2170 3562 2215 ex
3598 2147 4015 2238 gladiatorio
4055 2148 4230 2219 ludo

877 2267 1174 2338 confecit
1219 2274 1440 2333 totum
1488 2261 1888 2355 negotium:
1952 2262 2311 2332 arcessivit
2358 2263 2452 2332 ad
2499 2285 2614 2349 se,
2680 2263 3034 2354 promisit,
3084 2262 3503 2348 intercessit,
3556 2257 3839 2345 dedit”;
3905 2273 3984 2331 ut
4034 2272 4104 2331 et
4153 2263 4230 2333 C.

876 2382 1281 2468 claudium,
1332 2378 1574 2450 Verris
1620 2377 1966 2464 sodalem,
2017 2378 2110 2447 de
2158 2400 2297 2467 quo
2348 2376 2596 2447 Cicero
2645 2378 2797 2447 Act.
2846 2377 2954 2464 11,
3005 2377 3049 2445 l.
3095 2377 3200 2463 11,
3249 2401 3314 2449 c.
3365 2377 3507 2445 44:
3571 2377 3693 2459 „is
3743 2387 3846 2446 est
3897 2378 3976 2447 C.
4023 2377 4233 2448 Clau·-

876 2496 1033 2567 dius
1056 2547 1076 2584 ,
1127 2498 1248 2586 qui
1297 2498 1370 2564 in
1408 2494 1657 2565 Sicilie·
1703 2501 2059 2582 sequester
2114 2494 2344 2575 istius,
2396 2494 2774 2584 interpres,
2825 2493 3173 2562 conlector
3215 2476 3704 2586 negotior'um”.
3765 2480 3974 2578 Quod
4008 2504 4230 2563 autem

853 2632 961 2682 *ex
1001 2610 1370 2683 Planciand
1403 2612 1718 2681 videmus
1758 2611 2054 2679 eundem
2093 2619 2162 2677 et
2195 2608 2638 2679 candidatum
2678 2617 2747 2676 et
2783 2617 3204 2696 sequestrem
3246 2630 3396 2677 esse
3428 2610 3772 2700 potuisse,
3823 2610 4082 2700 optime
4110 2631 4228 2678 ex·

872 2729 1157 2819 plicavit
1188 2728 1584 2795 Wunderus
1633 2749 1702 2814 p.
1729 2721 1909 2792 187:
1962 2723 2182 2801 „Non
2221 2732 2324 2792 est
2360 2722 2684 2806 dubium,
2727 2723 2895 2811 quin
2933 2731 3286 2812 sequester
3327 2723 3541 2793 luisse
3583 2724 3906 2795 Plancius
3949 2724 4034 2793 ab
4088 2721 4226 2791 La-

877 2851 1149 2908 terense
1183 2837 1275 2905 sit
1318 2837 1583 2923 dictus,
1626 2835 1817 2924 quod
1847 2836 2144 2905 coitione
2168 2832 2352 2905 factu
2385 2856 2545 2907 cum
2588 2837 2818 2906 Plotio
2862 2839 3312 2929 competitore
3350 2839 3539 2928 (vid.
3570 2861 3779 2931 supro
3797 2864 3864 2931 p.
3887 2838 3970 2930 9)
4013 2839 4230 2909 tribus

878 2952 1209 3044 quasdam
1254 2974 1385 3044 pro
1417 2953 1712 3045 pecunia
1764 2953 1951 3044 apud
2003 2975 2160 3022 eum
2198 2950 2512 3044 depositu
2546 2952 2779 3021 Plotio
2819 2952 3232 3021 concesserit
3273 2952 3384 3022 vel
3417 2954 3851 3043 vendiderit,
3902 2954 4231 3044 quemad·

882 3069 1164 3138 modum
1201 3071 1497 3139 vicissim
1518 3068 1789 3138 Plotius
1816 3068 2325 3136 existumandus
2360 3077 2466 3135 est
2497 3066 2720 3140 tribus
2749 3066 3099 3157 quasdam,
3142 3089 3311 3157 quus
3339 3068 3480 3135 sibi
3508 3069 3861 3139 devinctus
3891 3070 4232 3153 habuerit,

878 3185 1167 3254 Plancio
1200 3185 1614 3254 concessisse
1629 3178 1683 3251 ’'.
1749 3183 1886 3252 Per
1921 3183 2292 3251 coitionem
2332 3182 2514 3251 enim
2559 3180 2880 3255 effectum
2905 3195 3044 3271 est,
3078 3193 3187 3270 ut,
3224 3184 3343 3272 qui
3384 3186 3532 3275 ipse
3565 3185 3964 3254 candidatus
3985 3228 4008 3268 ,
4039 3183 4230 3253 idem

879 3321 1010 3389 pro
1059 3299 1511 3387 competitore
1557 3297 1929 3387 sequestris
1989 3297 2145 3366 loco
2202 3307 2415 3384 met,
2465 3301 2728 3391 quippe
2775 3300 2896 3390 qui
2952 3301 3138 3368 illius
3184 3301 3476 3393 pecunia
3508 3319 3640 3390 pro
3692 3297 3815 3366 susi
3879 3308 4232 3384 uteretur,

883 3412 1356 3481 anctoritatem
1402 3433 1595 3480 susm
1640 3433 1770 3500 pro
1824 3411 2011 3480 illius
2065 3411 2396 3503 petitione
2454 3415 2956 3505 interponeret3
3004 3413 3204 3506 cujus
3243 3417 3343 3483 rei
3396 3412 3806 3481 luculentum
3837 3413 4234 3504 exemplum

886 3536 1104 3597 exstat
1150 3523 1438 3617 Luccejl
1487 3534 1560 3593 et
1606 3524 1958 3613 Caesaris,
2021 3549 2228 3616 quem
2266 3528 2641 3625 *Suetonius
2696 3538 2921 3600 narrat
2969 3529 3078 3620 (c.
3124 3529 3261 3620 19)
3307 3526 3752 3620 „Luccejum
3801 3528 3935 3598 sibi
3984 3528 4234 3622 adjun-

884 3643 1103 3727 xisse,
1150 3652 1465 3732 pactum,
1513 3647 1592 3708 ut
1640 3641 1734 3724 is,
1785 3642 2106 3726 quoniam
2157 3643 2446 3713 inferior
2493 3643 2722 3735 gratia
2774 3653 2953 3713 esset
2990 3645 3423 3735 pecuniaque
3470 3644 3809 3735 polleret,
3858 3665 4094 3713 numos
4139 3643 4227 3717 de

882 3777 1012 3827 suo
1059 3757 1403 3826 communi
1452 3755 1726 3826 nomine
1773 3773 1901 3845 per
1942 3758 2282 3826 centurias
2330 3755 2864 3851 pronuntiaret”.
2912 3759 3229 3851 Spondet
3261 3762 3441 3831 enim
3472 3768 3865 3849 sequester3
3903 3761 3996 3846 is,
4034 3754 4234 3846 cujus

888 3873 1207 3958 interest,
1255 3870 1689 3964 pronuntiatg
1740 3869 1828 3940 cf.
1857 3892 1988 3961 pro
2016 3872 2299 3942 Plancio
2331 3895 2390 3943 c.
2422 3873 2556 3943 18:
2604 3876 2858 3959 „Haec
2898 3875 3114 3962 doce,
3163 3876 3337 3946 haec
3369 3876 3645 3967 profer,
3689 3875 3829 3944 huc
3872 3871 4234 3958 incumbe,

888 3984 1315 4073 Laterensis,
1378 3986 1770 4055 decuriasse
1838 3987 2228 4074 Plancium,
2310 3991 2802 4083 conscripsisse
2826 4041 2846 4078 ,
2910 4001 3331 4080 sequestrem
3398 3993 3648 4075 fuisse,
3730 3988 4236 4082 pronuntiasse,

892 4097 1286 4182 divisisse”;
1337 4101 1425 4168 ad
1467 4101 1592 4170 Att
1638 4102 1692 4169 1.
1728 4099 1840 4171 16.
1875 4102 1963 4173 ἴε
2012 4105 2194 4194 „qui
2242 4127 2480 4175 nunms
2529 4107 2595 4174 iu
2625 4107 2843 4174 tribus
2882 4105 3384 4197 pronuntiarit,
3433 4106 3493 4175 si
3553 4128 3687 4176 non
3740 4103 4052 4191 dederit,
4101 4103 4234 4172 im-

887 4237 1076 4308 pune
1111 4214 1286 4299 sit”;
1330 4216 1421 4285 ad
1456 4216 1588 4303 Qu.
1625 4216 1743 4288 Fr.
1777 4218 1867 4289 ΙΙ.
1905 4217 2045 4290 15:
2093 4223 2265 4304 „vel
2300 4223 2374 4291 H
2411 4222 2462 4293 S
2503 4223 2763 4292 centies
2795 4221 3212 4292 constituunt
3256 4221 3328 4289 in
3386 4219 3874 4313 praerogativa
3931 4236 4230 4311 pronun—-

891 4326 1118 4401 tiare”
1165 4340 1295 4398 etc.
