4782 6002
2741 391 2827 460 12

1490 546 1668 641 Ergo
1718 545 1897 616 valet
1946 543 2238 614 donatio
2287 543 2428 613 sub
2484 543 2624 614 hoc
2668 540 2886 616 modo
2931 547 3144 628 sacta,
3194 558 3273 612 ut
3321 557 3480 637 post
3524 558 3823 614 mortem
3868 545 4021 637 ejus
4070 545 4187 615 cui

1389 671 1735 742 donatum
1782 685 1917 754 est,
1966 695 2071 741 res
2119 669 2380 741 donata
2419 670 2508 740 ad
2556 669 2970 741 donatorem
3016 659 3322 741 redeat.¹

1488 796 1821 869 Conditio
1872 797 1973 868 vel
2008 794 2262 867 modus
2300 809 2539 867 autem
2579 798 2816 867 statim
2847 797 3214 867 donationi
3240 795 3682 892 adjiciendus
3705 811 3845 881 est,
3887 799 4187 893 perfecta

1389 923 1679 994 donatio
1732 924 1921 993 enim
1976 922 2416 993 conditiones
2469 923 2572 993 vet
2631 922 2928 993 modum
2982 936 3222 1017 postea
3275 948 3419 993 non
3474 909 3732 1018 capit.²

1489 1046 1832 1139 Quamvis
1906 1048 2043 1120 sub
2099 1047 2545 1136 conditione,
2614 1050 2717 1118 ve!
2775 1049 2989 1120 modo
3052 1049 3260 1134 facta,
3336 1048 3807 1119 nihilominus
3879 1049 4186 1119 insinua-

1389 1175 1584 1271 tione
1637 1176 1903 1273 indiget
1953 1176 2246 1247 donatio
2299 1202 2452 1272 quae
2503 1177 3057 1274 quingentorum
3132 1174 3528 1282 solidofum
3590 1200 3942 1247 summam
4000 1200 4188 1272 egre-

1387 1300 1607 1372 ditur.
1662 1302 1784 1372 Sin
1839 1315 2076 1372 autem
2131 1302 2269 1373 sub
2320 1303 2443 1372 tati
2488 1301 2700 1372 modo
2742 1305 2916 1372 saeta
2963 1317 3100 1383 est,
3157 1315 3235 1373 ut
3273 1304 3422 1394 jam
3472 1325 3615 1371 non
3668 1303 3758 1372 sit
3814 1302 4189 1370 liberalitas

1390 1442 1460 1498 et
1512 1427 1915 1500 donationis
1966 1443 2248 1500 tantum
2304 1454 2564 1499 nomen
2619 1429 2907 1514 habeat,
2955 1429 3244 1499 donatio
3300 1453 3441 1498 non
3496 1443 3633 1512 est,
3697 1453 3822 1498 nec
3877 1430 4190 1498 insinua-

1393 1554 1582 1624 tione
1637 1553 1933 1651 indiget,
1990 1579 2119 1625 nec
2169 1580 2247 1624 ex
2298 1554 2595 1625 erimine
2649 1554 2896 1651 ingrati
2950 1554 3167 1624 animi
3225 1553 3526 1624 revocari
3584 1567 3835 1647 potest.

1491 1680 1911 1774 Praescriptis
1962 1679 2194 1751 verbis
2246 1704 2444 1777 agere
2508 1695 2737 1776 potest
2787 1679 3092 1751 donator
3161 1693 3244 1750 ut
3310 1679 3693 1775 impleatur
3761 1679 4015 1749 modus
4083 1679 4187 1747 vc!

1393 1794 1793 1891 conditio3,
1848 1807 2058 1877 etiam
2112 1804 2201 1876 ad
2256 1831 2402 1876 rem
2458 1805 2890 1877 reddendam
2944 1804 3467 1876 condictionem
3520 1806 3615 1874 ob
3665 1830 3946 1876 causam
3994 1803 4194 1875 dato-

1398 1960 1556 2038 fum
1629 1934 1890 2018 babet,
1961 1934 2017 2002 si
2085 1933 2375 2028 quidem
2448 1934 2851 2030 accipientis
2924 1933 3133 2030 culpa
3199 1931 3283 2003 fit
3351 1934 3739 2028 quominus
3810 1933 4193 2029 impleatur

1396 2062 1675 2132 modus·

1493 2186 1562 2256 Si
1612 2187 1773 2282 quis
1813 2198 2048 2255 autem
2099 2185 2236 2254 sub
2279 2182 2688 2255 conditione
2733 2184 3056 2268 donavit,
3109 2209 3236 2255 nec
3281 2185 3618 2279 impletur
3655 2184 4002 2266 conditi0‚
4044 2209 4190 2253 non

1394 2326 1675 2383 tantum
1711 2310 2229 2381 condictionem
2268 2309 2488 2381 habet
2513 2366 2528 2395 ‚
2569 2309 2688 2380 sed
2720 2310 2929 2381 etiam
2965 2312 3060 2379 rei
3097 2308 3365 2380 donatae
3406 2309 3975 2380 vindicationem.
4017 2311 4189 2380 Item

1394 2438 1451 2507 si
1486 2461 1568 2507 eo
1602 2450 1807 2531 paeto
1844 2435 2041 2506 dedit
2078 2449 2161 2506 ut
2211 2448 2397 2505 certa
2434 2435 2570 2505 sibi
2619 2437 3092 2531 praeberentur
3131 2436 3497 2518 alimenta,
3549 2459 3673 2504 nec
3724 2422 4192 2532 praebentur.⁴

2561 2872 2842 2944 CAPUT
2899 2875 2978 2943 Vl
2993 2874 3038 2943 l.

2284 3104 2373 3188 tte
2423 3104 2786 3189 revocandis
2836 3104 3303 3189 donationibus,

1505 3379 1846 3470 Quamvis
1897 3379 2187 3451 donatio
2255 3380 2440 3451 inter
2507 3382 2701 3452 vivos
2752 3407 2877 3451 sua
2932 3396 3180 3452 natura
3233 3382 3320 3450 sit
3377 3380 3889 3464 irrevocabilis,
3947 3380 4201 3450 rescin-

1399 3503 1600 3575 ditur
1652 3521 1886 3575 tamen
1920 3534 1936 3576 :
3051 3594 3066 3607 ι

1503 3630 1552 3700 Ι.
1593 3631 1728 3701 Pro
1769 3647 1965 3727 parte
1986 3687 2003 3719 ‚
2068 3635 2160 3702 1.⁰
2219 3632 2385 3704 Cum
2431 3630 2700 3703 modum
2752 3634 2862 3703 vel
2899 3660 3216 3704 summam
3269 3637 3785 3732 quingentorum
3827 3630 4204 3703 solidorum·

1404 3754 1709 3840 excedit,
1766 3784 1888 3828 nec
1939 3762 2272 3830 insinuata
2330 3749 2497 3831 est5.
2550 3760 2619 3832 Si
2679 3785 2821 3831 non
2876 3761 3114 3833 adhue
3167 3761 3454 3856 impleta
3506 3774 3609 3830 est
3659 3759 3992 3842 donatio,
4049 3784 4195 3828 non

1488 4083 1525 4113 ι.
1566 4059 1737 4115 Const.
1765 4082 1822 4128 2,
1851 4062 1907 4116 C.
1925 4102 1941 4129 ,
1967 4062 2043 4115 De
2065 4063 2234 4117 donat.
2262 4083 2311 4135 q.
2341 4063 2429 4117 sub
2463 4065 2625 4130 mod.,
2667 4064 2814 4130 Vm,
2847 4067 2924 4117 55.

1481 4182 1525 4214 α.
1565 4159 1735 4216 Const-
1763 4166 1825 4229 4,
1859 4162 1914 4217 C.
1932 4203 1946 4230 ,
1985 4164 2095 4217 eod.
2122 4165 2198 4218 tit.

1478 4267 1525 4318 3.
1563 4264 1734 4320 Const.
1768 4287 1833 4340 9,
1865 4265 1953 4332 C.‚
1984 4266 2034 4320 h.
2065 4280 2101 4319 t.

1477 4370 1524 4433 4.
1563 4368 1734 4425 Const.
1773 4393 1789 4423 ι
1814 4410 1828 4436 ,
1860 4369 1946 4438 C„
1973 4369 2050 4424 De
2080 4370 2250 4424 donat.
2283 4390 2391 4441 quae
2422 4369 2512 4425 sub
2545 4369 2721 4435 modo,
2753 4368 2904 4435 v111,
2926 4372 3001 4421 55.

1480 4475 1528 4525 5.
1567 4471 1737 4527 Const.
1771 4475 1833 4539 34
1858 4512 1873 4539 ,
1905 4471 1963 4527 C.
1981 4510 1997 4539 ,
2028 4471 2080 4524 h.
2104 4484 2140 4524 t.
