4782 6002
2719 353 2765 424 2

1444 500 1687 570 Mortis
1714 524 1918 571 causa
1952 498 2242 572 donatio
2265 502 2772 574 constitutione
2811 492 3231 576 Justiniani¹
3278 507 3417 577 sere
3457 532 3581 603 per
3622 508 3863 579 omnia
3905 509 4142 607 legatis

1342 626 1758 722 aequiparata
1811 640 1934 697 est.

1445 753 1869 824 Donationes
1933 754 2119 824 inter
2176 755 2369 825 vivos
2429 755 2578 827 sine
2630 756 2775 828 ulla
2827 758 3079 829 mortis
3138 760 3558 857 cogitatione
3611 761 3822 832 fiunt.
3882 763 3979 833 De
4031 762 4146 833 his

1347 892 1626 949 tantum
1680 879 2122 951 disseremus·

2564 1136 2846 1210 CAPUT
2885 1139 2935 1209 Ι.

2595 1375 2913 1466 Definitio.

1462 1605 1763 1675 Donatio
1817 1606 2000 1676 inter
2052 1606 2245 1677 vivos
2288 1620 2390 1676 est
2442 1629 2517 1677 ea
2559 1632 2700 1704 qua
2753 1608 2848 1677 ita
2899 1605 3021 1677 dat
3072 1607 3179 1677 vel
3235 1605 3402 1676 dare
3443 1631 3515 1676 se
3551 1607 3816 1705 obligat
3858 1606 4161 1680 donator

1356 1744 1440 1801 ut
1494 1730 1695 1801 nullo
1752 1731 1966 1801 modo
2029 1731 2213 1803 hanc
2262 1732 2750 1804 liberalitatem
2808 1757 3130 1804 revocare
3188 1732 3407 1829 possit
3433 1745 3487 1802 2.

1358 1856 1452 1926 Ex
1503 1855 1637 1927 hac
1677 1856 2092 1927 definitione
2129 1857 2499 1954 sequitur:

1468 1983 1561 2051 1.⁰
1616 1982 2079 2054 Donationem
2133 1982 2320 2054 inter
2371 1985 2566 2055 vivos
2617 1986 3157 2055 conventionem
3195 2008 3374 2070 esse,
3433 1983 3589 2055 ideo
3642 1998 3785 2054 tam
3842 1986 3994 2079 ejus
4045 1987 4159 2054 cui

1364 2107 1676 2179 donatur
1755 2134 1970 2204 quam
2054 2090 2756 2208 donatoris'requiri
2824 2135 3283 2195 consensum,
3344 2108 3952 2208 donationemque
4024 2136 4167 2180 non

1364 2249 1715 2329 acceptam
1772 2236 2041 2305 irritam
2084 2221 2308 2329 esse33

1463 2360 1569 2430 2.⁰
1621 2360 2046 2430 Donatorem
2106 2386 2250 2431 rem
2305 2362 2616 2459 aliquam
2656 2387 2696 2434 e
2730 2363 3161 2459 patrimonio
3201 2388 3333 2433 suo
3377 2362 3677 2432 alienare
3719 2362 3825 2432 vel
3873 2362 3963 2433 ad
4007 2361 4166 2432 alie-

1369 2487 1686 2556 nandum
1742 2510 1812 2555 se
1863 2486 2208 2583 obligare3

1469 2613 1570 2683 3.⁰
1622 2612 1802 2684 Eum
1842 2614 1955 2684 cui
2011 2613 2355 2686 donatum
2403 2629 2507 2684 est
2563 2639 2706 2685 rem
2741 2616 2846 2685 vel
2888 2616 2983 2685 rei
3030 2614 3578 2710 promissionem
3628 2613 3703 2682 in
3736 2613 4163 2708 patrimonio

1370 2740 1725 2835 accipere3

1471 2868 1575 2936 45³
1631 2869 2020 2937 Donantem
2079 2891 2200 2962 pei·
2256 2866 2812 2938 benevolentiam
2870 2878 3148 2936 tantum
3203 2888 3420 2962 agei-e.

1471 2994 2024 3091 Distinguuntui·
2060 3019 2224 3091 ergo
2263 3020 2301 3064 a
2339 2991 2723 3064 donatione
2778 2989 3191 3063 mandatum
3217 3046 3233 3078 ,
3278 2989 3813 3061 commodatum
3853 3001 3923 3058 et
3960 2985 4179 3085 depo-

1613 3108 1640 3153 ⁴
1670 3177 1686 3207 ,
1753 3121 1847 3191 ita
1897 3134 1968 3191 et
2022 3120 2222 3218 legati
2276 3119 2379 3191 vel
2445 3118 2854 3190 hereditatis
2920 3118 3353 3189 renuntiatio
3405 3140 3819 3214 quanquam
3887 3114 4175 3229 alteriue

3908 3227 3937 3271 ⁵

1375 3135 1591 3192 sitnm

1375 3246 1648 3319 favendi
1703 3249 1920 3345 gratia
1973 3248 2184 3331 facta,
2238 3243 2462 3316 debiti
2515 3259 2675 3317 ante
2728 3244 3211 3341 praescriptum
3268 3259 3552 3339 tempus
3604 3240 3891 3312 solutio.

1480 3375 1783 3445 Donatio
1837 3379 2393 3446 remuneratoria
2445 3378 2597 3470 quae'
2648 3371 2731 3442 fit
2782 3371 3084 3465 alicujus
3124 3368 3342 3442 officii
3398 3367 3896 3441 remunerandi
3944 3388 4174 3446 causa,

1377 3499 1667 3571 donatio
1721 3525 1863 3571 non
1917 3516 2065 3588 est,
2120 3502 2174 3570 si
2233 3524 2338 3571 res
2369 3498 2631 3570 donata
2670 3499 2893 3592 hujus
2921 3495 3131 3568 officii
3168 3497 3478 3592 pretium
3502 3493 3882 3566 existimari
3910 3505 4174 3589 potest;

1381 3641 1484 3697 est
1535 3627 1722 3696 enim
1778 3626 1970 3698 datio
2025 3628 2098 3697 in
2150 3627 2491 3698 solutum.
2564 3625 2865 3697 Donatio
2918 3626 3191 3723 impleta
3242 3621 3504 3694 dicitur
3556 3646 3719 3693 cum
3767 3643 3873 3689 res
3915 3618 4179 3688 donata

1465 3967 1503 3997 1.
1544 3942 1715 3998 Const-
1750 3947 1813 4010 4,
1845 3942 1931 4010 C„
1964 3942 2121 4009 vm,
2154 3946 2230 4007 57.

1459 4067 1505 4100 2.
1537 4048 1620 4101 Fr.
1661 4068 1678 4100 1
1703 4086 1717 4113 ,
1749 4042 1794 4116 5.
1835 4069 1852 4100 ι
1901 4047 1995 4111 D.,
2027 4046 2080 4100 h.
2131 4046 2208 4100 tit.
2250 4047 2384 4101 Dare
2415 4064 2517 4099 non
2549 4045 2676 4098 idem
2723 4056 2797 4098 est
2824 4062 2971 4114 quam
3003 4042 3207 4096 donare.
3253 4041 3457 4096 Donate
3488 4039 3622 4092 venit
3656 4055 3685 4090 a
3716 4035 3850 4088 dono
3883 4034 4003 4087 dare
4042 4032 4183 4086 siculi

1384 4150 1590 4205 vendere
1629 4168 1658 4202 a
1697 4166 1872 4203 venum
1913 4149 2048 4203 dare.

1459 4252 1509 4305 3.
1549 4252 1632 4305 Fr.
1667 4251 1727 4304 26
1787 4251 1851 4304 D.
1913 4250 1964 4304 h.
1998 4263 2033 4305 t.

1458 4357 1508 4420 4.
1548 4353 1640 4408 nis
1672 4291 2001 4408 conti-aclibus
2032 4353 2165 4407 enim
2197 4370 2298 4405 non
2328 4370 2435 4406 rem
2467 4349 2681 4421 aliquam
2713 4350 2797 4403 sed
2830 4365 3005 4418 operas
3034 4363 3146 4400 suas
3177 4346 3391 4416 gratuito
3424 4342 3676 4415 promittit
3706 4342 3749 4395 is
3781 4339 3863 4410 qui
3902 4358 3954 4393 se
3989 4336 4190 4406 obligat.

1458 4458 1505 4509 5.
1544 4456 1628 4509 fr.
1662 4456 1751 4523 31,
1782 4449 1828 4524 §.
1861 4455 1921 4523 6,
1953 4455 2048 4521 D.,
2080 4454 2156 4509 De
2187 4453 2355 4508 donat.
2387 4454 2480 4506 int.
2512 4452 2603 4505 vir.
2636 4463 2685 4506 et
2714 4471 2790 4503 ux.
2824 4448 2994 4503 xle.
3034 4470 3075 4502 1.
