4782 6002
2478 450 2537 549 8,

847 788 853 801 ,
890 694 2031 797 ‚2112-lln2Univsrsitats-Kraseusi
2074 694 2186 789 ιἰιιι
2234 649 2624 789 Rumam
2660 690 3099 807 solummodo„
3129 714 3221 787 ex
3270 670 3827 815 iure-Cenem·
3856 702 4177 803 cosnosci

864 844 1188 935 poterat,
1201 839 1322 933 pti.
1366 833 1566 923 docet
1617 832 1913 913 Tomek·
1967 839 2035 907 in
2061 830 2493 933 Parisiensi
2484 828 2771 925 obtinuit
2794 829 3089 927 Honorii
3108 834 3519 929 constitutiog
3550 855 3823 930 „super
3852 833 4177 955 snm-0

885 1042 926 1051 ..
871 1012 982 1071 Ψ
993 979 1116 1070 iu
1139 970 1994 1094 Η31ι131ὴ3ι33331-ρρι1ιιε
2003 978 2272 1079 tantum
2325 970 2501 1069 juris
2547 967 2791 1065 civilis
2802 967 3327 1097 professorem.
3342 973 3709 1068 institutum
3770 974 4187 1071 invenimus„
4282 989 4287 994 ·

863 1110 1245 1188 Studiorum
1302 1120 1368 1183 et
1417 1109 1754 1182 literarum
1811 1112 2173 1193 rationem,
2227 1084 2471 1205 qualis·
2488 1109 2559 1189 in
2582 1105 3131 1230 Heidelbergensi
3155 1107 3621 1205 Universitate
3629 1107 3873 1206 floruit,
3924 1113 4187 1207 optime,
4267 1163 4280 1177 .

867 1251 1336 1345 cognoscimus
1389 1270 1430 1320 e
1484 1244 1730 1318 Codice
1781 1243 2326 1339 Heidelbergensi
2379 1253 2516 1316 tom
2566 1243 2657 1335 1.;
2708 1244 2864 1317 inde
2914 1212 3375 1339 intelligimus,
3427 1269 3556 1342 quo
3626 1246 3831 1319 modo
3908 1257 3975 1321 et
4043 1269 4173 1342 qua

865 1390 1127 1459 ratione
1176 1385 1657 1483 praelectiones
1712 1382 1796 1454 (le
1847 1383 2138 1455 Decreto
2191 1392 2255 1454 et
2327 1378 2412 1454 de
2463 1378 2941 1459 Decretalihus
2975 1381 3235 1455 habitae
3286 1387 3455 1474 sint,
3526 1406 3658 1480 quo
3726 1384 3928 1458 modo
3996 1408 4168 1482 pro-

862 1526 1191 1596 motiones
1245 1521 1460 1594 sactae
1511 1524 1681 1611 sint,
1732 1528 1928 1616 atque
1981 1518 2116 1619 ubi
2141 1518 2229 1591 de
2253 1517 2647 1627 doototatu
2627 1522 2793 1626 ιρι-13
2818 1523 3078 1627 bgflpr,
3132 1519 3469 1594 additum·
3449 1526 3823 1595 invenimus
3885 1525 4163 1629 „scien-

866 1660 1061 1752 dum,
1116 1658 1293 1755 quod
1347 1659 1623 1732 facultas
1670 1661 1838 1751 juris
1891 1657 2129 1732 desinit
2177 1662 2245 1730 in
2294 1654 2596 1775 legistis“
2667 1697 2753 1710 —·
2812 1662 3106 1779 sequitur
3158 1657 3364 1732 index
3412 1664 3902 1757 promotionum
3953 1684 4164 1756 nsque

865 1797 951 1870 ad
999 1798 1336 1872 saeculum
1387 1795 1708 1893 decim'um
1762 1792 2052 1889 quintum
2101 1766 2557 1884 continuatae,
2608 1798 2675 1867 in
2728 1818 2858 1891 quo
2911 1786 2973 1870 si¹
3010 1772 3275 1890 quando
3302 1770 3540 1893 legista
3592 1808 4168 1891 commemoratur,

868 1942 929 2012 is
982 1937 1067 2010 de
1119 1934 1351 2008 codice
1421 1934 1908 2032 praelectiones
1973 1932 2207 2006 habet:
2278 1932 2671 2030 pandectae
2712 1937 2858 2011 istis
2899 1935 3355 2034 temporibus
3390 1941 3523 2013 vix
3586 1944 3903 2039 comitae
3938 1938 4168 2013 fuisse

868 2074 1220 2151 videntur:
1287 2078 1354 2144 in
1399 2076 1556 2166 jure
1609 2074 1932 2145 canonico
1984 2071 2410 2153 collectiones
2458 2073 3071 2168 antiquae=quoque
3121 2076 3647 2170 ignorabantur,
3688 2085 3921 2153 ut··ext
3950 2076 4166 2151 indice

868 2208 1229 2302 librorum,
1289 2187 1483 2305 quem
1536 2209 1711 2282 idem
1763 2208 1984 2282 codex
2033 2208 2329 2305 profert,
2403 2213 2564 2283 satis
2617 2219 2953 2308 apparet.
2992 2210 3287 2291 Bruma
3324 2213 3584 2315 legista
3650 2223 3797 2291 erat
3826 2212 4171 2303 Dum-tuus

879 2330 1251 2424 Matthaeus
1304 2351 1792 2447 protonotarius
1843 2348 2359 2442 Arragonensis.
3086 2366 3093 2373 ·
3310 2406 3353 2423 ,,
3480 2410 3495 2425 ,
3652 2385 3659 2393 ³
3712 2363 3721 2372 ·
3836 2388 3847 2425 2
3906 2368 3921 2439 (
3962 2390 3979 2425 ,.

1078 2488 1462 2565 Doctrinae·
1479 2509 1735 2586 opera
1786 2470 2040 2582 quibus
2069 2485 2239 2563 illius
2277 2488 2607 2584 ¹temporis
2648 2484 3094 2563 Jureconsulti
3142 2410 3539 2577 utebantur,
3534 2491 3633 2559 in
3656 2410 3911 2564 eodem
3907 2484 4172 2579 codice,

876 2627 984 2721 qni
1036 2625 1268 2706 horum
1320 2640 1595 2723 operum
1650 2634 2027 2699 accuratum
2080 2629 2375 2703 continet
2422 2623 2745 2716 indicem,
2816 2623 3240 2711 exhibentur
3264 2623 3378 2701 vel
3429 2627 3671 2721 scripta
3738 2622 3861 2701 de
3894 2622 4167 2697 decreto

876 2776 952 2838 et
997 2763 1434 2848 decretalibus
1454 2817 1476 2855 ,
1526 2767 1772 2860 scripta
1821 2762 2220 2855 innocentii,
2241 2830 2246 2837 .
2271 2762 2685 2852 Hostiensis,
2751 2760 3115 2852 Andreae,
3178 2761 3566 2857 Mandagou
3585 2815 3607 2851 ,
3656 2760 4176 2850 ,Archidiaconi,

878 2913 951 2986 et
996 2906 1138 3000 ipsa
1187 2901 1463 2979 fontium
1516 2900 1726 3000 opera
1769 2902 1891 3008 ⁸vel
1943 2920 2151 2999 opera
2201 2902 2287 2974 ad
2339 2925 2530 2977 usum
2606 2905 2966 2999 practicum
3016 2906 3483 2997 perimentia,-
3519 2908 3591 2977 ut
3640 2922 3827 2996 opus·
3858 2896 4176 2988 Dur-andi,

875 3041 1251 3133 Rolandini,
1321 3063 1412 3114 ex
1464 3039 1696 3138 quibus
1748 3038 2051 3118 omnibus
2101 3044 2419 3135 cognosci
2486 3049 2747 3138 potest,
2804 3042 2915 3132 ¹ius
2984 3044 3375 3116 canonicum
3440 3062 3562 3116 sua
3616 3059 3846 3134 eaque
3909 3017 4177 3135 propria

877 3179 1186 3260 babuisse
1237 3178 1449 3251 verba
1501 3189 1569 3252 et
1619 3177 1985 3256 vocabula:
2040 3179 2323 3276 denique
2373 3181 2820 3256 institutiones
2860 3180 3031 3270 -Juris
3058 3176 3381 3267 Romani,
3436 3173 3673 3249 Codex
3709 3175 4193 3262 Joetininnoua„

879 3318 1003 3395 sed
1036 3318 1516 3392 Pandectarum
1568 3315 1978 3414 solummodo
2031 3327 2296 3415 partes,
2345 3317 2632 3413 denique
2685 3316 3334 3408 vocabulariajuns.
3437 3312 4173 3410 Reperiamus-quoque

880 3462 950 3534 in
997 3457 1099 3534 his
1151 3456 1318 3530 alius
1370 3460 1738 3550 argumenti
1791 3455 1963 3547 libri,
2018 3465 2085 3532 ut
2107 3456 2366 3534 Boethii
2421 3456 2831 3545 consolatio,
2885 3455 3191 3532 Senecae
3243 3451 3432 3526 ludus
3492 3450 3577 3523 de
3626 3457 3839 3546 morte
3896 3444 4177 3536 Claudii,

881 3596 1067 3694 plura
1121 3593 1204 3672 ad
1256 3594 1655 3687 theologiam
1706 3598 2063 3691 spectantia
2118 3593 2475 3674 volumina
2504 3588 2586 3688 ⁸²)
2895 3651 2919 3680 .
3182 3659 3191 3668 .
4192 3653 4199 3662 .

1089 3731 1181 3806 lta
1235 3753 1464 3805 omues
1515 3730 1708 3822 libri,
1757 3754 1923 3826 quos
1949 3730 2412 3808 Universitatis
2447 3731 2835 3805 bibliotheca
2884 3659 3259 3824 acquisivit,
3308 3726 3372 3798 in
3401 3721 3574 3800 hunc
3598 3739 3870 3814 quoque
3894 3719 4193 3796 indicem

882 3870 1073 3948 relati
1125 3879 1300 3960 sunt,
1348 3871 1460 3964 qui
1510 3868 1786 3967 praehet
1834 3868 2370 3954 bibliothecarum
2424 3880 2591 3943 tunc
2629 3870 2951 3964 temporis,
2999 3865 3525 3938 constitutarum
3520 3862 3889 3956 speciem.
4144 3929 4151 3936 .
4188 3921 4199 3934 ,

1091 4007 1381 4082 Praefuit
1432 4006 1860 4088 Universitati
1885 4006 2520 4086 vicecancellarius.
2574 4008 2827 4082 Rector
2877 4025 2970 4075 ex
3012 4003 3256 4074 artistis
3298 3995 3671 4091 eligebatur
3705 4005 3774 4076 et
3815 3996 4197 4074 vocabatur,

884 4147 1136 4221 Rector
1185 4150 1629 4221 universitatis
1696 4145 1893 4221 studii
1961 4145 2582 4241 Η31ι1311ι3ι333313ς
2651 4145 2916 4239 saepius
2985 4136 3392 4235 appellantur
3466 4136 3760 4223 „Rector
3776 4188 3801 4226 ,
3867 4133 4174 4208 doctores

886 4296 954 4405 et
1003 4289 1298 4382 magistri
1352 4284 1811 4402 Universitatis
1862 4281 2462 4412 Heidelbergensis.
2593 4280 2852 4352 Primus
2890 4276 3273 4376 professor
3296 4278 3512 4390 juris
3506 4272 3837 4384 Canonici
3884 4272 4179 4360 Joannes

885 4377 1064 4514 Voet
1115 4423 1272 4522 fuit,
1322 4395 1562 4500 artium
1593 4443 1890 4521 quoque
1924 4403 2241 4516 magister
2293 4429 2360 4496 et
2409 4416 2684 4492 Rector
2787 4416 3006 4518 Praga
3031 4415 3139 4492 hic
3163 4423 3463 4534 venerat.
3562 4397 3983 4519 1331313ιιιιιι
4002 4410 4199 4506 nulla

1093 4676 1162 4759 ⁸)
1204 4629 1522 4742 Librorum
1561 4627 1664 4743 hic
1717 4635 2162 4742 assei-vatorum
2216 4678 2405 4738 index
2461 4678 2607 4738 huic
2665 4615 3070 4737 dissertationi
3125 4627 3473 4753 appendicis
3515 4627 3650 4735 loco
3697 4615 3989 4758 additui-„7
4112 4711 4121 4728 .
