4782 6002
2241 412 2342 488 25

631 659 787 726 item
841 676 968 726 nna
1021 653 1273 726 lectura
1326 676 1497 751 qnae
1551 657 1805 752 incipit:
1862 678 2188 731 canonum
2242 638 2481 729 statuta
2535 660 2601 729 in
2653 661 2889 754 papiro

629 798 786 866 item
842 791 1112 865 diversa
1165 793 1442 865 collecta
1496 797 1560 864 in
1617 814 1748 866 uno
1801 792 2141 866 volumine
2193 796 2258 865 in
2310 792 2542 890 papiro
2588 792 2680 868 'ot
2747 799 3060 892 incipiunt
3111 795 3194 871 de
3248 818 3381 894 quo
3430 798 3577 873 vult
3626 799 3757 876 deo
3808 810 3937 876 etc.

632 935 790 1004 item
843 953 1010 1003 nnus
1064 931 1230 1003 liber
1280 934 1344 1002 in
1398 934 1669 1027 papir0‚
1724 935 1834 1026 qui
1890 933 2110 1026 incipit
2164 930 2537 1025 Gregorius
3318 896 3327 903 .

631 1071 787 1140 item
839 1066 1223 1160 Mandagoti
1277 1072 1344 1139 in
1397 1086 1807 1163 pergameno
1861 1079 1927 1145 et
1978 1071 2208 1165 papiro
2261 1091 2465 1165 super
2514 1071 2845 1144 electione
2897 1072 3155 1162 [forsan
3210 1074 3532 1148 Bernardi
3586 1076 3775 1174 Pap]

637 1210 789 1279 item
846 1205 1218 1278 decretales
1270 1209 1520 1301 antiqui
1567 1209 1636 1277 in
1687 1226 2095 1302 pergame-no
2149 1212 2342 1302 parvi
2400 1208 2651 1281 valoris

634 1348 789 1417 item
841 1342 1096 1416 lectura
1149 1364 1354 1439 super
1401 1347 1596 1414 tertio
1649 1341 2082 1415 metalium
2130 1348 2194 1415 in
2247 1349 2481 1440 papiro

633 1485 787 1554 item
845 1481 1056 1585 tabula
1114 1480 1597 1567 distinctionum
1651 1483 1945 1574 magistri
1999 1484 2232 1553 artium
2285 1482 2552 1554 Henrici
2603 1480 2770 1578 boyt
2819 1485 2884 1555 in
2938 1449 3343 1580 pergameno

635 1622 788 1693 item
842 1619 1208 1699 additiones
1260 1641 1461 1716 super
1512 1617 1784 1695 decreto
1835 1623 1899 1691 in
1954 1641 2359 1714 pergameno
2414 1630 2480 1692 et
2533 1623 2751 1716 incipit
2807 1643 3134 1699 canonum
3184 1632 3421 1697 statuta

606 1762 796 1830 'item
850 1757 1019 1831 liber
1069 1756 1318 1831 sextus
1355 1780 1499 1829 cum
1554 1758 1782 1852 glossa
1835 1757 2110 1830 Joannis
2163 1756 2482 1829 Andreae

635 1900 790 1971 item
844 1896 1112 1985 novella
1164 1918 1367 1991 super
1421 1905 1684 1970 sextum
1738 1900 1802 1967 in
1855 1898 2086 1991 papiro
2144 1919 2270 1969 una
2325 1919 2472 1967 cum
2527 1896 2774 1990 regulis
2820 1898 2988 1988 juris

636 2035 791 2106 item
841 2033 1378 2123 Archidiaconus
1431 2056 1630 2129 super
1680 2041 1944 2107 sextum
1996 2037 2061 2105 in
2117 2054 2524 2129 pergameno

527 2236 540 2263 „
635 2174 798 2245 item
847 2181 1068 2247 textus
1122 2175 1296 2249 sexti
1348 2146 1415 2243 et
1464 2194 1621 2267 pars
1674 2171 1942 2263 glossae
1994 2191 2196 2266 super
2248 2180 2515 2245 sextum
2566 2174 2629 2243 ἰη
2684 2170 2923 2245 eodem
2978 2172 3313 2249 volumine
3361 2176 3430 2243 in
3480 2192 3777 2270 pergam.

641 2313 798 2380 item
851 2307 1376 2381 Archidiaconus
1431 2331 1635 2403 super
1686 2318 1948 2381 sextum
2001 2310 2066 2379 in
2119 2329 2553 2403 pergameno.
2688 2376 2695 2401 2

638 2622 794 2690 ilem
847 2617 1199 2715 Speculum
1253 2616 1592 2688 Wilhelmi
1646 2614 1937 2686 Durandi
1991 2619 2057 2687 in
2111 2620 2341 2712 papiro

635 2759 793 2829 item
845 2754 1198 2851 Speculum
1242 2757 1412 2848 Juris
1445 2757 1531 2826 'in
1584 2776 1988 2849 pergameno
2044 2764 2108 2825 et
2158 2755 2225 2825 in
2279 2753 2451 2826 bona
2501 2753 2718 2825 forma

639 2897 794 2966 item
848 2892 1198 2989 Speculum
1243 2895 1413 2985 juris
1465 2895 1534 2964 in
1589 2914 1992 2988 pergameno
2049 2901 2115 2964 et
2167 2894 2232 2963 in
2287 2893 2523 2964 minori
2574 2890 2792 2963 forma

638 3038 793 3107 item
847 3032 1100 3105 libellus
1155 3035 1450 3126 magistri
1502 3035 1735 3104 artium
1794 3030 2110 3103 Gansredi
2162 3040 2604 3103 commentum
2656 3052 2803 3101 cum
2856 3029 2998 3102 aliis

634 3174 790 3244 item
844 3194 1096 3244 summa
1152 3193 1358 3243 aurea
1415 3168 1497 3241 de
1548 3181 1692 3242 arte
1745 3167 2115 3242 advocandi
2166 3172 2321 3242 item
2375 3174 2442 3241 in
2497 3187 2909 3265 pergameno

633 3313 791 3381 item
846 3312 1280 3404 repertorium
1333 3307 1677 3380 Wilhelmi
1733 3306 2025 3380 Durandi
2079 3310 2144 3377 in
2196 3329 2607 3404 pergameno

635 3451 791 3519 item
845 3451 1277 3543 repertorium
1331 3445 1626 3539 ejusdem
1682 3448 1744 3516 in
1799 3448 2036 3517 minori
2086 3444 2298 3516 forma

637 3590 792 3658 item
846 3608 1096 3657 summa
1149 3589 1449 3678 magistri
1503 3583 1849 3656 Rnlandini
1902 3588 1968 3657 in
2021 3603 2427 3680 pergameno
2481 3588 2549 3651 et
2601 3580 2826 3674 incipit
2876 3580 3375 3650 instrumentum
3428 3597 3726 3649 arrarum

633 3727 786 3796 item
843 3733 1025 3796 certe
1077 3722 1292 3795 forme
1345 3726 1410 3795 in
1461 3745 1607 3819 pap.
1661 3725 1971 3819 incipiunt
2020 3723 2088 3794 in
2141 3725 2407 3795 nomine
2458 3717 2719 3791 Domini
2772 3737 2964 3788 amen

637 3865 790 3934 item
843 3882 997 3955 pars
1049 3862 1299 3956 speculi
1351 3865 1416 3933 in
1469 3865 1705 3956 papiro

636 4005 789 4072 item
845 4022 998 4095 pars
1051 3998 1300 4095 speculi
1344 3997 1670 4090 judicialis
1723 4000 1788 4069 in
1841 4000 2074 4093 papiro

637 4348 789 4416 item
844 4343 1168 4437 digestum
1222 4364 1469 4416 novum
1527 4344 1588 4412 in
1643 4361 2054 4435 pergameno
2107 4348 2173 4410 et
2223 4340 2448 4433 incipit
2499 4335 2628 4409 hoc
2682 4334 2896 4407 edicto

635 4485 793 4553 item
846 4481 1064 4553 codex
1120 4484 1185 4552 in
1241 4501 1647 4576 pergameno

633 4623 785 4692 item
839 4622 1127 4692 instituta
1180 4622 1246 4691 in
1298 4639 1703 4714 pergameno
