4782 6002
810 666 941 743 32

1009 856 1133 933 Ab
1184 856 1459 934 Ordine
1504 848 2108 952 Philosopbernm
2159 847 2557 950 quaesitum
2607 855 2763 927 erat
2786 903 2811 945 ‚
3200 948 3204 961 Ι

1113 1021 1339 1091 „num
1395 999 1623 1091 ques,
1695 991 1955 1092 quibus
2015 990 2498 1090 praedicam·
2562 994 3024 1067 rusticorum
3073 990 3333 1067 ᾱίυίςίο
3380 989 3849 1092 prohibetur,
3902 1001 4205 1074 fumaria

1103 1132 1547 1231 tempor-ihm
1599 1131 2159 1206 conservandae
2210 1155 2316 1205 an
2369 1130 2852 1231 &offundere
2902 1134 3133 1219 sintf‘

803 1278 1015 1355 Duae
1064 1273 1355 1375 oblatae
1403 1277 1566 1345 sunt
1616 1273 2248 1347 commentationes
2296 1269 2410 1343 his
2458 1271 2812 1370 symbolis
2860 1240 3233 1369 signataet
4058 1316 4079 1333 -
4184 1356 4205 1389 ἒ

1100 1412 1187 1507 1>
1232 1407 1726 1511 „Sapientiae
1787 1420 1905 1487 est
1963 1412 2216 1487 videro
2240 1465 2266 1501 ‚
2342 1413 2746 1486 multorum
2813 1412 3077 1486 οἰυίεω
3144 1412 3643 1487 calamitatem
3715 1434 3767 1486 a
3823 1412 4205 1513 republica

1247 1554 1664 1650 sejunctam
1726 1576 1889 1627 esse
1937 1576 2092 1627 non
2149 1560 2452 1651 posse.“
3238 1646 3307 1725 C

3316 1669 3615 1732 1csno.

1096 1836 1183 1927 2)
1231 1831 1433 1927 „Nil
1477 1831 1721 1907 laudis
1782 1854 2015 1906 causa
2058 1835 2295 1933 facito
2317 1860 2324 1867 ·
2343 1839 2424 1907 et
2481 1837 2730 1906 tamen
2781 1833 3063 1925 omnia,
3116 1831 3415 1907 laudm

1252 1972 1468 2059 Quae
1514 1972 1645 2045 tibi
1686 1975 2083 2046 conciliare
2142 1980 2425 2072 queunt
2445 2025 2467 2066 ,
2519 1932 2640 2047 ea„
2660 1971 2970 2047 sedum-2
3017 1971 3291 2047 aude.“
3449 1940 3478 1963 .-

3151 2078 3612 2205 Mun'nrus.

800 2251 898 2327 de
946 2251 1204 2349 quibus
1253 2250 1458 2327 Ordo
1507 2253 1606 2326 ita
1663 2253 1977 2327 censuit=
2041 2251 2162 2326 Ea
2199 2252 2649 2346 commissio,
2717 2274 2901 2350 quae
2953 2250 3261 2326 Monam
3318 2250 3577 2326 verbis
3630 2253 3980 2354 inscripta
4043 2262 4199 2348 est,

801 2414 1009 2487 quum
1058 2413 1199 2464 sex
1251 2389 1508 2465 diebus
1568 2399 1738 2490 post
1786 2394 2153 2469 terminum
2204 2391 2377 2489 lege
2448 2392 2904 2467 constitutum
2967 2387 3231 2463 tradita
3292 2393 3420 2484 sit,
3486 2414 3721 2489 neque
3783 2391 3953 2468 huic
4014 2397 4199 2470 vitio

801 2527 1177 2626 quidquam
1233 2528 1616 2627 indulgere
1685 2529 1894 2603 nobis
1959 2529 2222 2625 liceat,
2291 2531 2493 2605 nullo
2558 2529 2815 2625 mode,
2886 2537 2955 2606 et
3020 2552 3113 2604 ne
3179 2537 3323 2603 tum
3388 2528 3707 2628 quidem,
3770 2532 3836 2604 si
3903 2533 4205 2608 alteram

794 2664 1023 2780 longe
1072 2667 1582 2763 antecelleret,
1633 2672 1952 2768 praemio
2003 2673 2244 2745 ornari
2295 2674 2679 2770 potuisset.
2730 2669 3077 2744 Libenter
3126 2690 3314 2743 vero
3360 2673 3639 2745 auctori
3691 2691 3847 2744 eam
3885 2670 4197 2766 laudem,

792 2833 1000 2907 quam
1047 2810 1258 2884 nobis
1306 2812 1656 2884 meruisse
1704 2808 2034 2904 videtur,
2102 2809 2492 2885 tribuimus.
2594 2810 3031 2908 Quamquam
3080 2811 3266 2884 enim
3330 2831 3478 2885 rem
3542 2810 3816 2912 paullo)
3858 2810 4192 2905 brevius,

794 2974 1000 3050 quam
1049 2970 1183 3050 pro
1237 2954 1403 3050 ejus
1453 2953 1847 3049 gravitate,
1902 2949 2260 3045 absolvit,
2330 2957 2565 3027 tamen
2614 2958 3116 3049 argumentum
3178 2950 3366 3027 bene
3415 2955 3792 3053 perspexit
3843 2959 4192 3051 recteque

788 3089 883 3165 de
954 3113 1046 3165 eo
1106 3088 1520 3190 judicavit,
1565 3094 1667 3164 ita
1715 3098 1827 3185 ut,
1883 3112 2040 3165 cum
2090 3091 2391 3166 aliorum
2457 3095 2884 3192 scriptorum
2954 3093 3342 3191 praecipue
3391 3090 3970 3167 meditationibus
4022 3100 4189 3169 ute-

785 3237 1017 3321 retur,
1085 3251 1171 3305 se
1234 3231 1323 3304 ab
1390 3230 1761 3307 erroribus
1809 3230 2115 3304 liberum
2162 3237 2583 3331 praestaret.

984 3369 1203 3444 Prior
1249 3372 1746 3445 commentatio
1775 3423 1798 3464 ,
1866 3372 2075 3468 cujus
2122 3374 2402 3444 tessera
2448 3390 2551 3443 ex
2616 3363 3012 3444 Crcnnomr
3057 3365 3380 3442 desumta
3436 3372 3594 3461 est,
3661 3368 3966 3465 insignis
4024 3364 4192 3441 dili-

786 3512 1076 3608 gentiae
1128 3509 1428 3608 praehet
1474 3508 1922 3584 documenta.
2023 3509 2320 3586 Auctor
2396 3531 2545 3585 non
2612 3503 2844 3582 solnm
2917 3507 3137 3582 multa
3203 3506 3544 3604 collegit,
3620 3507 3754 3582 sed
3828 3508 4187 3580 materiem

784 3671 1069 3748 quoque
1121 3656 1541 3744 congestam
1598 3647 1782 3722 bene
1829 3648 2166 3746 digessit,
2236 3672 2375 3726 nec
2423 3648 2723 3723 aliorum
2770 3653 3033 3721 tantum
3094 3651 3411 3745 vestigia
3460 3649 3762 3748 pressit,
3847 3645 3981 3721 sed
4048 3671 4186 3723 suo

781 3791 1025 3866 Marte
1076 3797 1153 3864 et
1217 3789 1490 3883 ingenii
1502 3763 1511 3772 ”
1544 3790 1868 3861 acumine
1938 3785 2242 3885 quodam
2306 3788 2760 3886 indagandae
2833 3791 3128 3862 veritati
3204 3808 3491 3885 operam
3554 3782 3896 3861 adhibuit.
4007 3788 4185 3865 Non

791 3936 1029 4007 omnia
1104 3928 1383 4028 quidem
1442 3931 1517 4002 in
1567 3947 1660 4001 eo
1710 3924 1924 4000 nobis
1980 3925 2291 4026 placent.
2389 3924 2814 4001 Nonnullae
2878 3932 3266 4000 occurrunt
3334 3927 3756 4026 opiniones,
3828 3950 4056 4025 quae,
4119 3931 4186 4004 si

779 4045 1197 4170 diligentius
1265 4066 1918 4169 perpenderentur,
1986 4063 2276 4164 probari
2336 4086 2484 4138 non
2547 4073 2878 4165 possent.
2978 4065 3060 4140 lu
3129 4069 3520 4165 praemissa
3562 4074 3770 4167 parte
3839 4069 4187 4146 historica

777 4215 1071 4312 saepius
1137 4219 1475 4283 accurata
1522 4209 1836 4281 narratio
1889 4202 2376 4298 desideratur,
2430 4208 2632 4304 isque
2673 4210 2833 4307 ipse
2885 4205 3104 4282 ardor
3154 4174 3512 4306 jurenilis
3573 4210 3647 4282 in
3722 4217 3880 4284 toto
3953 4231 4182 4310 opere

779 4355 1259 4452 conspicuus,
1312 4350 1761 4446 quantumvis
1800 4347 2236 4441 laudandum,
2287 4354 2519 4422 tamen
2569 4345 2917 4424 interdum
2963 4352 3279 4421 auctoris
3331 4348 3673 4424 calamum
3721 4375 3767 4424 a
3806 4359 4012 4426 recta
4052 4352 4177 4425 via

781 4489 1106 4567 abduxit.
1173 4491 1662 4568 Nihilominus
1712 4463 1915 4564 Ordo
1967 4486 2136 4563 huic
2178 4491 2745 4563 commentationi
2793 4490 3177 4588 praemium
3225 4486 3592 4583 decrevit,
3648 4491 3787 4568 bac
3829 4511 4173 4590 praeser-

777 4634 905 4707 tim
941 4632 1220 4705 ratione
1253 4638 1663 4731 permotus,
1715 4628 1903 4728 quod
1926 4682 1946 4722 ,
1998 4631 2062 4701 si
2112 4650 2256 4701 non
2315 4649 2861 4726 usquequaque,
2926 4634 3161 4701 tamen
3224 4629 3294 4702 in
3359 4626 3762 4729 disciplinis
3812 4627 3908 4703 ad
3984 4650 4178 4701 rem-

775 4771 1134 4872 publicam
1191 4770 1718 4876 spectantibus,
1812 4773 1883 4843 in
1953 4767 2209 4867 quibus
2276 4767 2649 4844 doctrinae
2718 4767 2979 4843 limites
3046 4768 3378 4870 proferre
3443 4769 3843 4869 juvenibus
3917 4769 4175 4846 crebra

776 4910 1227 5013 experientia
1298 4908 1704 4984 carentibus
1768 4909 1973 4983 nimis
2043 4900 2339 4986 'arduum
2407 4916 2560 5004 est,
2616 4912 2767 5010 jam
2816 4908 3135 5008 diligens
3196 4910 3662 5010 investigatio
3736 4905 4172 5007 assiduaque
