4782 6002
1764 446 1769 453 -
1850 395 1931 466 61

552 532 993 615 Generales
1014 537 1305 621 dantur,
1344 518 1805 653 hypothecae
1829 548 1917 619 ut
1955 543 2155 639 infra
2195 542 2489 620 dictum
2530 548 2674 621 est:

609 697 664 741 1
664 646 996 742 ⁰Fisco
978 680 1061 741 ιἰι
1096 667 1329 771 bonis
1353 667 1815 805 creditorum
1842 647 2184 778 suorum,
2213 668 2590 777 praecipue
2623 622 2928 777 propter
2959 674 3311 776 publicas·

499 791 1061 945 pensitationes3·
1259 801 1265 810 ’
1616 872 1621 879 ,
1765 870 1771 879 ,
2120 818 2127 825 ·
3229 811 3237 819 “

602 948 665 1019 2.
669 917 898 1017 ‘’Pro·
913 906 1155 994 officio
1189 903 1856 1020 administrationis
1884 906 2148 996 tutoris
2167 920 2282 995 vel
2310 880 2671 998 curatoris
2691 922 2896 998 bona
2933 918 3295 1025 tanquam

498 1045 833 1151 pignoris
868 1042 1089 1119 titulo
1125 1042 1484 1144 obligata,
1528 1039 1851 1148 minores
1889 1036 2189 1122 sibimet
2234 1046 2621 1124 vindicare
2670 1045 3020 1123 minime
3037 1048 3295 1152 prohi-

497 1170 789 1247 bentur.
825 1161 1035 1245 Idem
1071 1190 1193 1245 est
1203 1188 1278 1245 et
1306 1169 1365 1244 si
1382 1188 1600 1249 tutor
1621 1171 1744 1289 vel
1763 1189 2063 1247 curator
2092 1172 2260 1274 quis
2296 1176 2734 1281 constitutus
2767 1190 2879 1249 res
2906 1174 3290 1289 minorum

428 1362 433 1367 .
498 1319 657 1372 non
684 1294 1336 1393 administraverit.
1456 1338 1460 1342 ·
1506 1318 1531 1385 j
2889 1376 2902 1391 ,

404 1528 414 1537 .
485 1530 491 1535 ·
556 1414 788 1499 Cum
826 1440 1067 1497 mater.
1096 1449 1284 1529 quae
1303 1414 1725 1538 liberorum·
1755 1402 2068 1499 suorum
2094 1426 2405 1500 tutelam
2441 1426 2866 1565 susceperit,
2906 1425 3004 1500 ad
3038 1452 3293 1501 secun-

387 1643 394 1650 ,
499 1549 629 1624 das
660 1549 965 1653 nuptias
998 1548 1294 1635 transit,
1337 1574 1473 1623 nee
1482 1549 1693 1652 petit
1722 1532 2045 1624 tutorem
2087 1550 2340 1625 liberis
2382 1550 2560 1639 suis,
2599 1550 2800 1677 bona
2844 1551 3095 1657 mariti
3141 1548 3292 1650 ejus

410 1696 417 1703 ·
502 1677 720 1751 tacite
763 1674 1195 1792 obligantur
1233 1673 1646 1782 ratiociniis
1689 1672 1953 1750 tutelae.
2160 1736 2164 1740 .

392 1792 399 1799 ’
490 1860 497 1869 .
604 1796 709 1874 35²
749 1782 1004 1875 Tacite
1053 1824 1381 1906 quoque
1407 1799 1606 1911 bona
1654 1780 1885 1904 patris
1928 1818 2102 1875 sunt
2148 1800 2469 1919 obligata
2516 1802 2769 1876 liberis
2804 1742 2989 1903 quos
3030 1802 3112 1875 in
3159 1829 3290 1905 po·
3294 1786 3301 1794 ’

498 1946 751 2003 testate
797 1918 1026 2003 habet
1069 1952 1208 2030 pro
1254 1917 1810 2010 conservatione
1854 1926 2236 2001 bonorum
2283 1927 2605 2000 materni
2650 1928 2932 2040 generis
2980 1954 3149 2029 quae
3191 1927 3286 2001 ad
3365 1960 3373 1968 ·

420 2094 429 2101 ·
499 2055 690 2158 ipsos
716 2052 1111 2158 pertinent.

601 2180 696 2273 4⁰
747 2181 847 2254 Ut
884 2178 1176 2284 plenius
1204 2178 1505 2253 dotibus
1535 2178 2056 2264 subveniatur,
2096 2179 2353 2253 tacitas
2403 2176 2919 2289 hypothecas
2901 2204 3129 2252 inesse
3171 2205 3290 2251 ac-

306 2310 313 2317 ’
347 2330 353 2339 ’
392 2307 409 2406 '3
499 2306 780 2448 cipitur
804 2334 891 2381 ex
924 2324 1245 2431 utroque
1285 2305 1546 2403 latere,
1576 2304 1728 2379 sive
1753 2329 1852 2383 ex
1875 2322 2094 2408 parte
2124 2303 2396 2381 mariti
2418 2331 2558 2408 pro
2594 2304 3057 2379 restitutione
3094 2301 3288 2377 dotis

495 2432 908 2538 promissae,
937 2432 1087 2508 sive
1117 2458 1205 2506 ex
1238 2449 1450 2557 parte
1489 2416 1823 2573 mulieris
1851 2456 1991 2534 pro
2020 2430 2177 2534 ipsa
2214 2429 2388 2504 dote
2407 2428 2869 2533 praestanda,
2912 2430 3022 2503 vel
3064 2429 3286 2502 rebus

454 2654 461 2661 ἱ
498 2558 872 2661 dotalibus
900 2557 1169 2635 evictis
1278 2588 1285 2595 ⁴

937 2823 1053 2911 6?
1117 2825 1405 2936 Quale·
1426 2800 1588 2938 jics
1634 2829 1944 2943 pignus
2003 2823 2408 2908 creditor-i
2466 2794 2846 2905 tribuat?

594 3069 683 3137 ln
735 3089 823 3137 re
866 3061 1254 3166 pignorata
1284 3051 1421 3180 jus
1467 3083 1896 3188 conoessum
1944 3075 2049 3131 est
2090 3056 2198 3130 nei
2237 3043 2753 3159 possidendae
2778 3072 3004 3155 atque
3056 3055 3281 3128 etiam

496 3186 1007 3417 ἆίῗιῗιῗξιῗιῖ
1050 3311 1346 3425 pignori
1392 3307 1768 3419 commodi
1808 3309 1921 3383 vel
1968 3307 2432 3384 incommodi
2473 3305 2796 3381 fortuito
2826 3263 3159 3394 accessit,
3203 3305 3282 3378 id

336 3450 343 3458 ’
389 3479 397 3488 ·
498 3443 596 3540 ad
649 3427 1067 3518 debitorem
1115 3438 1452 3580 pertinet.
1513 3435 1716 3511 Hinc
1766 3435 2106 3537 sequitur
2164 3432 2369 3536 quod
2431 3433 2538 3507 rei
2568 3432 2997 3537 pignoratae
3046 3431 3286 3507 domi-

395 3578 403 3587 '
497 3569 751 3657 nium,
800 3569 997 3646 salva
1046 3563 1315 3646 tamen
1328 3563 1711 3670 pignoris
1728 3588 1981 3649 causa,
2028 3560 2123 3635 ad
2169 3560 2507 3728 quemvis
2552 3558 2854 3634 debitor
2892 3559 3285 3633 transferre

493 3714 744 3896 lim&
780 3820 1165 3925 pignorata
1221 3777 1516 4004 pignori
1561 3767 1735 3892 data
1786 3814 1921 3889 sub
1972 3821 2243 3913 pignus
2287 3809 2705 3916 appellatur
2743 3829 2817 3885 et
2839 3807 3055 3885 recte
3106 3837 3281 3883 con-

496 3947 701 4024 stitui
854 3966 1002 4022 test.
1452 3999 1463 4008 .

594 4078 739 4150 De
732 3966 1157 4178 ξιῖωειίιιιιε
1200 4071 1333 4187 qui
1364 4007 1777 4176 potiores
1756 4068 1837 4142 in
1872 4067 2183 4171 pignore
2230 4064 2655 4178 habeantur
2706 4061 3193 4217 respondetur
3235 4088 3278 4133 a

404 4207 409 4214 ’
496 4199 785 4278 duabus
830 4198 1367 4303 vulgatissimis
1374 4196 1743 4318 regulis:-

460 4419 467 4426 .
531 4329 841 4402 Prima
881 4345 1017 4402 est:
1059 4325 1192 4429 qui
1222 4323 1430 4428 prior
1464 4341 1828 4426 tempore,
1857 4319 2066 4422 prior
2110 4315 2305 4420 jure3
2676 4407 2682 4414 .

599 4454 891 4579 Altera:
934 4452 1066 4555 qui
1103 4457 1565 4572 concurrunt
1582 4466 1957 4584 tempore,
1983 4439 2451 4518 concurrunt
2478 4425 2653 4537 jure.
